<?xml version="1.0" encoding="UTF-8"?>
<!DOCTYPE html PUBLIC "-//W3C//DTD XHTML 1.0 Transitional//EN"
    "http://www.w3.org/TR/xhtml1/DTD/xhtml1-transitional.dtd">
<html xmlns="http://www.w3.org/1999/xhtml" xml:lang="en" lang="en">
 <head>
  <title>
</title>
<meta http-equiv="Content-Type" content="text/html;charset=utf-8" />
  <meta name='ocr-system' content='tesseract 3.04.00' />
  <meta name='ocr-capabilities' content='ocr_page ocr_carea ocr_par ocr_line ocrx_word'/>
</head>
<body>
  <div class='ocr_page' id='page_1' title='image "./lateinischesequ00kehrgoog/lateinischesequ00kehrgoog_0496.png"; bbox 0 0 3975 5800; ppageno 0'>
   <div class='ocr_carea' id='block_1_1' title="bbox 853 570 1082 637">
    <p class='ocr_par' dir='ltr' id='par_1_1' title="bbox 853 570 1082 637">
     <span class='ocr_line' id='line_1_1' title="bbox 853 570 1082 637; baseline -0.013 0"><span class='ocrx_word' id='word_1_1' title='bbox 853 570 1082 637; x_wconf 74' lang='lat'><strong>-477-</strong></span> 
     </span>
    </p>
   </div>
   <div class='ocr_carea' id='block_1_2' title="bbox 339 759 1555 2783">
    <p class='ocr_par' dir='ltr' id='par_1_2' title="bbox 340 759 1506 1012">
     <span class='ocr_line' id='line_1_2' title="bbox 340 759 1506 844; baseline -0.005 -22"><span class='ocrx_word' id='word_1_2' title='bbox 340 760 373 822; x_wconf 89' lang='grc'>5.</span> <span class='ocrx_word' id='word_1_3' title='bbox 395 759 604 842; x_wconf 77' lang='lat' dir='ltr'>Augustauae</span> <span class='ocrx_word' id='word_1_4' title='bbox 618 759 715 826; x_wconf 86' lang='lat' dir='ltr'>decus</span> <span class='ocrx_word' id='word_1_5' title='bbox 729 763 835 839; x_wconf 84' lang='lat' dir='ltr'>natae,</span> <span class='ocrx_word' id='word_1_6' title='bbox 848 762 852 791; x_wconf 87' lang='lat'><strong>¹</strong></span> <span class='ocrx_word' id='word_1_7' title='bbox 1021 763 1049 824; x_wconf 86' lang='grc'>9.</span> <span class='ocrx_word' id='word_1_8' title='bbox 1070 759 1198 826; x_wconf 83' lang='lat' dir='ltr'>cherub</span> <span class='ocrx_word' id='word_1_9' title='bbox 1214 759 1329 844; x_wconf 82' lang='lat' dir='ltr'>aspicit</span> <span class='ocrx_word' id='word_1_10' title='bbox 1344 759 1506 823; x_wconf 83' lang='lat' dir='ltr'>extentum</span> 
     </span>
     <span class='ocr_line' id='line_1_3' title="bbox 392 842 1474 911; baseline -0.004 -2"><span class='ocrx_word' id='word_1_11' title='bbox 392 843 501 910; x_wconf 86' lang='lat' dir='ltr'>Patris</span> <span class='ocrx_word' id='word_1_12' title='bbox 515 842 596 910; x_wconf 82' lang='lat' dir='ltr'>fovit</span> <span class='ocrx_word' id='word_1_13' title='bbox 610 843 766 910; x_wconf 85' lang='lat' dir='ltr'>charitate</span> <span class='ocrx_word' id='word_1_14' title='bbox 977 872 980 877; x_wconf 42' lang='lat'>¹</span> <span class='ocrx_word' id='word_1_15' title='bbox 1067 845 1111 910; x_wconf 88' lang='lat' dir='ltr'>Et</span> <span class='ocrx_word' id='word_1_16' title='bbox 1126 844 1236 911; x_wconf 85' lang='lat' dir='ltr'>sedilis</span> <span class='ocrx_word' id='word_1_17' title='bbox 1255 845 1474 911; x_wconf 81' lang='lat' dir='ltr'>oruamentum</span> 
     </span>
     <span class='ocr_line' id='line_1_4' title="bbox 393 928 1358 1012; baseline -0.004 -17"><span class='ocrx_word' id='word_1_18' title='bbox 393 929 502 995; x_wconf 82' lang='lat' dir='ltr'>Instar</span> <span class='ocrx_word' id='word_1_19' title='bbox 516 929 588 995; x_wconf 84' lang='lat' dir='ltr'>novi</span> <span class='ocrx_word' id='word_1_20' title='bbox 605 928 749 1012; x_wconf 83' lang='lat' dir='ltr'>syderis:</span> <span class='ocrx_word' id='word_1_21' title='bbox 1068 929 1245 1010; x_wconf 82' lang='lat' dir='ltr'>seraphina</span> <span class='ocrx_word' id='word_1_22' title='bbox 1260 929 1358 995; x_wconf 81' lang='lat' dir='ltr'>facia:</span> 
     </span>
    </p>

    <p class='ocr_par' dir='ltr' id='par_1_3' title="bbox 392 1010 1555 1262">
     <span class='ocr_line' id='line_1_5' title="bbox 393 1010 1462 1094; baseline -0.002 -16"><span class='ocrx_word' id='word_1_23' title='bbox 393 1012 432 1078; x_wconf 91' lang='lat' dir='ltr'>In</span> <span class='ocrx_word' id='word_1_24' title='bbox 447 1031 511 1094; x_wconf 82' lang='lat' dir='ltr'>qua</span> <span class='ocrx_word' id='word_1_25' title='bbox 524 1014 635 1079; x_wconf 85' lang='lat' dir='ltr'>lucens</span> <span class='ocrx_word' id='word_1_26' title='bbox 648 1013 729 1078; x_wconf 90' lang='lat' dir='ltr'>lucis</span> <span class='ocrx_word' id='word_1_27' title='bbox 742 1031 831 1078; x_wconf 86' lang='lat' dir='ltr'>moro</span> <span class='ocrx_word' id='word_1_28' title='bbox 1069 1013 1236 1079; x_wconf 84' lang='lat' dir='ltr'>Trinitatis</span> <span class='ocrx_word' id='word_1_29' title='bbox 1250 1010 1462 1079; x_wconf 85' lang='lat' dir='ltr'>hierarchiam</span> 
     </span>
     <span class='ocr_line' id='line_1_6' title="bbox 394 1094 1555 1180; baseline -0.001 -19"><span class='ocrx_word' id='word_1_30' title='bbox 394 1095 528 1162; x_wconf 83' lang='lat' dir='ltr'>Stellam</span> <span class='ocrx_word' id='word_1_31' title='bbox 544 1097 641 1163; x_wconf 83' lang='lat' dir='ltr'>vincit</span> <span class='ocrx_word' id='word_1_32' title='bbox 655 1098 687 1163; x_wconf 91' lang='lat' dir='ltr'>in</span> <span class='ocrx_word' id='word_1_33' title='bbox 704 1096 838 1179; x_wconf 83' lang='lat' dir='ltr'><strong>fulgore,</strong></span> <span class='ocrx_word' id='word_1_34' title='bbox 1069 1097 1316 1180; x_wconf 79' lang='lat' dir='ltr'>simplicemque</span> <span class='ocrx_word' id='word_1_35' title='bbox 1330 1094 1555 1174; x_wconf 82' lang='lat' dir='ltr'>monarchiam,</span> 
     </span>
     <span class='ocr_line' id='line_1_7' title="bbox 392 1179 1459 1262; baseline -0.003 -15"><span class='ocrx_word' id='word_1_36' title='bbox 392 1181 531 1247; x_wconf 78' lang='lat' dir='ltr'>Portuno</span> <span class='ocrx_word' id='word_1_37' title='bbox 544 1198 652 1248; x_wconf 87' lang='lat' dir='ltr'>arcam</span> <span class='ocrx_word' id='word_1_38' title='bbox 666 1179 815 1249; x_wconf 83' lang='lat' dir='ltr'>foederis.</span> <span class='ocrx_word' id='word_1_39' title='bbox 1069 1181 1204 1248; x_wconf 81' lang='lat' dir='ltr'>Currum</span> <span class='ocrx_word' id='word_1_40' title='bbox 1219 1181 1314 1248; x_wconf 84' lang='lat' dir='ltr'>simul</span> <span class='ocrx_word' id='word_1_41' title='bbox 1329 1182 1459 1262; x_wconf 85' lang='lat' dir='ltr'>gloriae.</span> 
     </span>
    </p>

    <p class='ocr_par' dir='ltr' id='par_1_4' title="bbox 339 1263 1525 1754">
     <span class='ocr_line' id='line_1_8' title="bbox 339 1263 1460 1347; baseline 0 -19"><span class='ocrx_word' id='word_1_42' title='bbox 339 1264 372 1329; x_wconf 89' lang='grc'>6.</span> <span class='ocrx_word' id='word_1_43' title='bbox 396 1264 488 1333; x_wconf 90' lang='lat' dir='ltr'>Omni</span> <span class='ocrx_word' id='word_1_44' title='bbox 504 1265 602 1347; x_wconf 84' lang='lat' dir='ltr'>digna</span> <span class='ocrx_word' id='word_1_45' title='bbox 616 1284 666 1333; x_wconf 83' lang='lat' dir='ltr'>res</span> <span class='ocrx_word' id='word_1_46' title='bbox 680 1263 799 1347; x_wconf 82' lang='lat' dir='ltr'>farore,</span> <span class='ocrx_word' id='word_1_47' title='bbox 1001 1267 1049 1330; x_wconf 90' lang='lat'>10.</span> <span class='ocrx_word' id='word_1_48' title='bbox 1068 1266 1256 1333; x_wconf 85' lang='lat' dir='ltr'>Sanctitatis</span> <span class='ocrx_word' id='word_1_49' title='bbox 1270 1265 1330 1331; x_wconf 91' lang='lat' dir='ltr'>hoc</span> <span class='ocrx_word' id='word_1_50' title='bbox 1346 1264 1460 1330; x_wconf 83' lang='lat' dir='ltr'>decore</span> 
     </span>
     <span class='ocr_line' id='line_1_9' title="bbox 397 1348 1449 1418; baseline -0.002 -4"><span class='ocrx_word' id='word_1_51' title='bbox 397 1348 779 1418; x_wconf 85' lang='lat' dir='ltr'>Constitutusinhonore</span> <span class='ocrx_word' id='word_1_52' title='bbox 1066 1352 1167 1418; x_wconf 85' lang='lat' dir='ltr'>Lucet</span> <span class='ocrx_word' id='word_1_53' title='bbox 1181 1350 1252 1416; x_wconf 91' lang='lat' dir='ltr'>orbi</span> <span class='ocrx_word' id='word_1_54' title='bbox 1266 1351 1345 1416; x_wconf 88' lang='lat' dir='ltr'>solia</span> <span class='ocrx_word' id='word_1_55' title='bbox 1359 1365 1449 1414; x_wconf 84' lang='lat' dir='ltr'>moro</span> 
     </span>
     <span class='ocr_line' id='line_1_10' title="bbox 393 1433 1445 1517; baseline -0.003 -17"><span class='ocrx_word' id='word_1_56' title='bbox 393 1433 511 1500; x_wconf 80' lang='lat' dir='ltr'>Christi</span> <span class='ocrx_word' id='word_1_57' title='bbox 526 1435 601 1500; x_wconf 94' lang='lat' dir='ltr'>tulit</span> <span class='ocrx_word' id='word_1_58' title='bbox 615 1435 784 1517; x_wconf 80' lang='lat' dir='ltr'>stigmata:</span> <span class='ocrx_word' id='word_1_59' title='bbox 1069 1437 1159 1501; x_wconf 88' lang='lat' dir='ltr'>Dans</span> <span class='ocrx_word' id='word_1_60' title='bbox 1175 1434 1288 1501; x_wconf 85' lang='lat' dir='ltr'>salutis</span> <span class='ocrx_word' id='word_1_61' title='bbox 1302 1433 1445 1501; x_wconf 86' lang='lat' dir='ltr'>radium:</span> 
     </span>
     <span class='ocr_line' id='line_1_11' title="bbox 393 1517 1525 1601; baseline -0.004 -16"><span class='ocrx_word' id='word_1_62' title='bbox 393 1518 541 1585; x_wconf 85' lang='lat' dir='ltr'>Monstra</span> <span class='ocrx_word' id='word_1_63' title='bbox 555 1520 674 1585; x_wconf 86' lang='lat' dir='ltr'>saeculi</span> <span class='ocrx_word' id='word_1_64' title='bbox 690 1518 849 1601; x_wconf 83' lang='lat' dir='ltr'>contrivit,</span> <span class='ocrx_word' id='word_1_65' title='bbox 1068 1521 1200 1587; x_wconf 84' lang='lat' dir='ltr'><strong>Morbus</strong></span> <span class='ocrx_word' id='word_1_66' title='bbox 1216 1521 1319 1586; x_wconf 87' lang='lat' dir='ltr'>omnia</span> <span class='ocrx_word' id='word_1_67' title='bbox 1335 1517 1525 1584; x_wconf 80' lang='lat' dir='ltr'>medicinam</span> 
     </span>
     <span class='ocr_line' id='line_1_12' title="bbox 395 1603 1488 1686; baseline -0.002 -18"><span class='ocrx_word' id='word_1_68' title='bbox 395 1603 462 1668; x_wconf 88' lang='lat' dir='ltr'>Nec</span> <span class='ocrx_word' id='word_1_69' title='bbox 476 1603 600 1669; x_wconf 85' lang='lat' dir='ltr'>turbari</span> <span class='ocrx_word' id='word_1_70' title='bbox 615 1604 742 1686; x_wconf 86' lang='lat' dir='ltr'>praesul</span> <span class='ocrx_word' id='word_1_71' title='bbox 757 1603 833 1671; x_wconf 87' lang='lat' dir='ltr'>sivit</span> <span class='ocrx_word' id='word_1_72' title='bbox 1069 1604 1119 1670; x_wconf 78' lang='lat' dir='ltr'>ab</span> <span class='ocrx_word' id='word_1_73' title='bbox 1133 1603 1193 1670; x_wconf 92' lang='lat' dir='ltr'>hoc</span> <span class='ocrx_word' id='word_1_74' title='bbox 1207 1603 1302 1685; x_wconf 79' lang='lat' dir='ltr'>capit,</span> <span class='ocrx_word' id='word_1_75' title='bbox 1317 1609 1350 1670; x_wconf 83' lang='lat' dir='ltr'>ct</span> <span class='ocrx_word' id='word_1_76' title='bbox 1362 1603 1488 1670; x_wconf 87' lang='lat' dir='ltr'>ruinam</span> 
     </span>
     <span class='ocr_line' id='line_1_13' title="bbox 396 1686 1372 1754; baseline -0.002 0"><span class='ocrx_word' id='word_1_77' title='bbox 396 1686 620 1754; x_wconf 81' lang='lat' dir='ltr'>Cordacarnia</span> <span class='ocrx_word' id='word_1_78' title='bbox 636 1687 781 1754; x_wconf 86' lang='lat' dir='ltr'>sabbata.</span> <span class='ocrx_word' id='word_1_79' title='bbox 1067 1688 1372 1754; x_wconf 89' lang='lat' dir='ltr'>Infidelisstadium.</span> 
     </span>
    </p>

    <p class='ocr_par' dir='ltr' id='par_1_5' title="bbox 341 1767 1513 2276">
     <span class='ocr_line' id='line_1_14' title="bbox 341 1767 1513 1854; baseline -0.002 -17"><span class='ocrx_word' id='word_1_80' title='bbox 341 1767 374 1836; x_wconf 88' lang='grc'>7.</span> <span class='ocrx_word' id='word_1_81' title='bbox 395 1769 509 1854; x_wconf 84' lang='lat' dir='ltr'>Gregis</span> <span class='ocrx_word' id='word_1_82' title='bbox 525 1773 629 1850; x_wconf 69' lang='lat' dir='ltr'>surgit</span> <span class='ocrx_word' id='word_1_83' title='bbox 642 1772 837 1838; x_wconf 81' lang='lat' dir='ltr'>incremento</span> <span class='ocrx_word' id='word_1_84' title='bbox 1000 1771 1047 1834; x_wconf 91' lang='lat' dir='ltr'>ll.</span> <span class='ocrx_word' id='word_1_85' title='bbox 1065 1773 1170 1840; x_wconf 87' lang='lat' dir='ltr'>Huius</span> <span class='ocrx_word' id='word_1_86' title='bbox 1184 1772 1279 1853; x_wconf 86' lang='lat' dir='ltr'>plane</span> <span class='ocrx_word' id='word_1_87' title='bbox 1294 1774 1395 1838; x_wconf 83' lang='lat' dir='ltr'>virtus</span> <span class='ocrx_word' id='word_1_88' title='bbox 1409 1771 1513 1854; x_wconf 87' lang='lat' dir='ltr'>promi</span> 
     </span>
     <span class='ocr_line' id='line_1_15' title="bbox 393 1854 1474 1939; baseline -0.001 -18"><span class='ocrx_word' id='word_1_89' title='bbox 393 1855 441 1921; x_wconf 87' lang='lat' dir='ltr'>De</span> <span class='ocrx_word' id='word_1_90' title='bbox 456 1855 573 1922; x_wconf 86' lang='lat' dir='ltr'>radicis</span> <span class='ocrx_word' id='word_1_91' title='bbox 588 1854 802 1934; x_wconf 83' lang='lat' dir='ltr'>fundamento,</span> <span class='ocrx_word' id='word_1_92' title='bbox 1067 1857 1195 1938; x_wconf 81' lang='lat' dir='ltr'>Nequit,</span> <span class='ocrx_word' id='word_1_93' title='bbox 1213 1857 1280 1922; x_wconf 86' lang='lat' dir='ltr'>vice</span> <span class='ocrx_word' id='word_1_94' title='bbox 1296 1855 1474 1939; x_wconf 83' lang='lat' dir='ltr'>cynamomi</span> 
     </span>
     <span class='ocr_line' id='line_1_16' title="bbox 393 1938 1441 2023; baseline 0 -19"><span class='ocrx_word' id='word_1_95' title='bbox 393 1938 556 2023; x_wconf 85' lang='lat' dir='ltr'>Tanquam</span> <span class='ocrx_word' id='word_1_96' title='bbox 571 1942 686 2006; x_wconf 85' lang='lat' dir='ltr'>cedrus</span> <span class='ocrx_word' id='word_1_97' title='bbox 700 1939 830 2006; x_wconf 89' lang='lat' dir='ltr'>Libani:</span> <span class='ocrx_word' id='word_1_98' title='bbox 1066 1941 1226 2008; x_wconf 84' lang='lat' dir='ltr'>Redoleus</span> <span class='ocrx_word' id='word_1_99' title='bbox 1240 1945 1274 2007; x_wconf 86' lang='lat' dir='ltr'>et</span> <span class='ocrx_word' id='word_1_100' title='bbox 1288 1940 1441 2008; x_wconf 87' lang='lat' dir='ltr'>balsami:</span> 
     </span>
     <span class='ocr_line' id='line_1_17' title="bbox 395 2021 1423 2108; baseline -0.001 -18"><span class='ocrx_word' id='word_1_101' title='bbox 395 2021 465 2091; x_wconf 87' lang='lat' dir='ltr'>Hoc</span> <span class='ocrx_word' id='word_1_102' title='bbox 479 2041 630 2106; x_wconf 87' lang='lat' dir='ltr'>processu</span> <span class='ocrx_word' id='word_1_103' title='bbox 647 2024 801 2091; x_wconf 84' lang='lat' dir='ltr'>dilatatus</span> <span class='ocrx_word' id='word_1_104' title='bbox 1066 2026 1163 2108; x_wconf 85' lang='lat' dir='ltr'>Lapis</span> <span class='ocrx_word' id='word_1_105' title='bbox 1178 2025 1247 2092; x_wconf 86' lang='lat' dir='ltr'>eius</span> <span class='ocrx_word' id='word_1_106' title='bbox 1264 2025 1423 2108; x_wconf 89' lang='lat' dir='ltr'>puriorem</span> 
     </span>
     <span class='ocr_line' id='line_1_18' title="bbox 395 2106 1434 2192; baseline 0.002 -19"><span class='ocrx_word' id='word_1_107' title='bbox 395 2106 498 2190; x_wconf 82' lang='lat' dir='ltr'>Super</span> <span class='ocrx_word' id='word_1_108' title='bbox 512 2110 598 2175; x_wconf 88' lang='lat' dir='ltr'>rivos</span> <span class='ocrx_word' id='word_1_109' title='bbox 613 2116 664 2176; x_wconf 83' lang='lat' dir='ltr'>est</span> <span class='ocrx_word' id='word_1_110' title='bbox 678 2109 843 2191; x_wconf 87' lang='lat' dir='ltr'>plantatus</span> <span class='ocrx_word' id='word_1_111' title='bbox 1070 2108 1172 2176; x_wconf 87' lang='lat' dir='ltr'>Sudat</span> <span class='ocrx_word' id='word_1_112' title='bbox 1200 2111 1261 2175; x_wconf 87' lang='lat' dir='ltr'>olei</span> <span class='ocrx_word' id='word_1_113' title='bbox 1277 2109 1434 2192; x_wconf 84' lang='lat' dir='ltr'>liquorem</span> 
     </span>
     <span class='ocr_line' id='line_1_19' title="bbox 395 2191 1387 2276; baseline 0.001 -19"><span class='ocrx_word' id='word_1_114' title='bbox 395 2191 490 2259; x_wconf 83' lang='lat' dir='ltr'>Viccs</span> <span class='ocrx_word' id='word_1_115' title='bbox 505 2210 604 2275; x_wconf 80' lang='lat' dir='ltr'>agens</span> <span class='ocrx_word' id='word_1_116' title='bbox 619 2193 750 2276; x_wconf 86' lang='lat' dir='ltr'>platani.</span> <span class='ocrx_word' id='word_1_117' title='bbox 1066 2195 1103 2263; x_wconf 93' lang='lat' dir='ltr'>In</span> <span class='ocrx_word' id='word_1_118' title='bbox 1120 2192 1248 2260; x_wconf 77' lang='lat' dir='ltr'>dulcore</span> <span class='ocrx_word' id='word_1_119' title='bbox 1264 2193 1387 2260; x_wconf 87' lang='lat' dir='ltr'>calami.</span> 
     </span>
    </p>

    <p class='ocr_par' dir='ltr' id='par_1_6' title="bbox 339 2268 1532 2783">
     <span class='ocr_line' id='line_1_20' title="bbox 339 2268 1492 2361; baseline 0.005 -20"><span class='ocrx_word' id='word_1_120' title='bbox 339 2268 373 2344; x_wconf 83' lang='grc'>8.</span> <span class='ocrx_word' id='word_1_121' title='bbox 395 2276 487 2342; x_wconf 90' lang='lat' dir='ltr'>Nunc</span> <span class='ocrx_word' id='word_1_122' title='bbox 502 2277 534 2342; x_wconf 94' lang='lat' dir='ltr'>in</span> <span class='ocrx_word' id='word_1_123' title='bbox 550 2275 677 2344; x_wconf 87' lang='lat' dir='ltr'>Christo</span> <span class='ocrx_word' id='word_1_124' title='bbox 694 2278 930 2360; x_wconf 88' lang='lat' dir='ltr'>contemplatur</span> <span class='ocrx_word' id='word_1_125' title='bbox 1000 2272 1046 2341; x_wconf 80' lang='lat'>12.</span> <span class='ocrx_word' id='word_1_126' title='bbox 1067 2277 1213 2344; x_wconf 83' lang='lat' dir='ltr'>Clemens</span> <span class='ocrx_word' id='word_1_127' title='bbox 1228 2280 1328 2361; x_wconf 83' lang='lat' dir='ltr'>igitur</span> <span class='ocrx_word' id='word_1_128' title='bbox 1344 2277 1492 2348; x_wconf 76' lang='lat' dir='ltr'>onustes,</span> 
     </span>
     <span class='ocr_line' id='line_1_21' title="bbox 395 2360 1519 2445; baseline -0.002 -17"><span class='ocrx_word' id='word_1_129' title='bbox 395 2360 494 2428; x_wconf 91' lang='lat' dir='ltr'>Oculo</span> <span class='ocrx_word' id='word_1_130' title='bbox 508 2362 594 2443; x_wconf 90' lang='lat' dir='ltr'>quod</span> <span class='ocrx_word' id='word_1_131' title='bbox 612 2360 802 2444; x_wconf 81' lang='lat' dir='ltr'>signabatur</span> <span class='ocrx_word' id='word_1_132' title='bbox 1066 2362 1175 2430; x_wconf 78' lang='lat' dir='ltr'>Nonas</span> <span class='ocrx_word' id='word_1_133' title='bbox 1189 2381 1298 2429; x_wconf 84' lang='lat' dir='ltr'>omncs</span> <span class='ocrx_word' id='word_1_134' title='bbox 1313 2362 1394 2445; x_wconf 85' lang='lat' dir='ltr'>pello</span> <span class='ocrx_word' id='word_1_135' title='bbox 1409 2362 1519 2429; x_wconf 83' lang='lat' dir='ltr'>tristes</span> 
     </span>
     <span class='ocr_line' id='line_1_22' title="bbox 393 2444 1436 2527; baseline 0 -15"><span class='ocrx_word' id='word_1_136' title='bbox 393 2444 476 2512; x_wconf 91' lang='lat' dir='ltr'>Olim</span> <span class='ocrx_word' id='word_1_137' title='bbox 491 2447 551 2511; x_wconf 82' lang='lat' dir='ltr'>sub</span> <span class='ocrx_word' id='word_1_138' title='bbox 568 2447 763 2527; x_wconf 79' lang='lat' dir='ltr'>aenigmate:</span> <span class='ocrx_word' id='word_1_139' title='bbox 1065 2447 1109 2512; x_wconf 88' lang='lat' dir='ltr'>Et</span> <span class='ocrx_word' id='word_1_140' title='bbox 1122 2446 1268 2513; x_wconf 81' lang='lat' dir='ltr'>incursus</span> <span class='ocrx_word' id='word_1_141' title='bbox 1282 2447 1436 2513; x_wconf 90' lang='lat' dir='ltr'>hostium:</span> 
     </span>
     <span class='ocr_line' id='line_1_23' title="bbox 393 2528 1532 2616; baseline 0.001 -23"><span class='ocrx_word' id='word_1_142' title='bbox 393 2528 504 2596; x_wconf 85' lang='lat' dir='ltr'>Cernit</span> <span class='ocrx_word' id='word_1_143' title='bbox 519 2547 616 2612; x_wconf 86' lang='lat' dir='ltr'>super</span> <span class='ocrx_word' id='word_1_144' title='bbox 631 2528 866 2596; x_wconf 84' lang='lat' dir='ltr'>firmamentum</span> <span class='ocrx_word' id='word_1_145' title='bbox 1064 2530 1109 2597; x_wconf 86' lang='lat' dir='ltr'>Et</span> <span class='ocrx_word' id='word_1_146' title='bbox 1122 2530 1208 2613; x_wconf 86' lang='lat' dir='ltr'>quod</span> <span class='ocrx_word' id='word_1_147' title='bbox 1224 2549 1350 2616; x_wconf 83' lang='lat' dir='ltr'>semper</span> <span class='ocrx_word' id='word_1_148' title='bbox 1364 2547 1532 2597; x_wconf 83' lang='lat' dir='ltr'>exoramus</span> 
     </span>
     <span class='ocr_line' id='line_1_24' title="bbox 392 2611 1431 2698; baseline 0.002 -20"><span class='ocrx_word' id='word_1_149' title='bbox 392 2611 467 2696; x_wconf 85' lang='lat' dir='ltr'>Spei</span> <span class='ocrx_word' id='word_1_150' title='bbox 483 2620 614 2681; x_wconf 82' lang='lat' dir='ltr'>nostrae</span> <span class='ocrx_word' id='word_1_151' title='bbox 629 2614 870 2693; x_wconf 79' lang='lat' dir='ltr'>nutrimentum,</span> <span class='ocrx_word' id='word_1_152' title='bbox 1065 2613 1128 2681; x_wconf 85' lang='lat' dir='ltr'>Per</span> <span class='ocrx_word' id='word_1_153' title='bbox 1141 2623 1175 2683; x_wconf 83' lang='lat' dir='ltr'>te</span> <span class='ocrx_word' id='word_1_154' title='bbox 1187 2617 1241 2697; x_wconf 86' lang='lat' dir='ltr'>pia</span> <span class='ocrx_word' id='word_1_155' title='bbox 1260 2617 1431 2698; x_wconf 85' lang='lat' dir='ltr'>capiamus,</span> 
     </span>
     <span class='ocr_line' id='line_1_25' title="bbox 390 2696 1412 2783; baseline 0.001 -20"><span class='ocrx_word' id='word_1_156' title='bbox 390 2696 758 2766; x_wconf 84' lang='lat' dir='ltr'>Nesciumiautasmatc.</span> <span class='ocrx_word' id='word_1_157' title='bbox 1065 2701 1170 2766; x_wconf 83' lang='lat' dir='ltr'>Venae</span> <span class='ocrx_word' id='word_1_158' title='bbox 1185 2700 1270 2766; x_wconf 82' lang='lat' dir='ltr'>vitae</span> <span class='ocrx_word' id='word_1_159' title='bbox 1286 2701 1412 2783; x_wconf 84' lang='lat' dir='ltr'>gaudia.</span> 
     </span>
    </p>
   </div>
   <div class='ocr_carea' id='block_1_3' title="bbox 325 2803 1621 2933">
    <p class='ocr_par' dir='ltr' id='par_1_7' title="bbox 325 2803 1621 2933">
     <span class='ocr_line' id='line_1_26' title="bbox 325 2803 1621 2933; baseline -0.002 -72"><span class='ocrx_word' id='word_1_160' title='bbox 325 2873 360 2932; x_wconf 68' lang='lat' dir='ltr'><em>m</em></span> <span class='ocrx_word' id='word_1_161' title='bbox 386 2803 459 2933; x_wconf 29' lang='lat'>&#39;3371’</span> <span class='ocrx_word' id='word_1_162' title='bbox 465 2813 535 2862; x_wconf 73' lang='lat' dir='ltr'>cat.</span> <span class='ocrx_word' id='word_1_163' title='bbox 571 2807 662 2864; x_wconf 80' lang='lat' dir='ltr'>More}</span> <span class='ocrx_word' id='word_1_164' title='bbox 679 2807 732 2864; x_wconf 82' lang='lat' dir='ltr'>No.</span> <span class='ocrx_word' id='word_1_165' title='bbox 751 2810 812 2864; x_wconf 80' lang='grc'><strong>636.</strong></span> <span class='ocrx_word' id='word_1_166' title='bbox 831 2804 859 2863; x_wconf 82' lang='lat' dir='ltr'>S.</span> <span class='ocrx_word' id='word_1_167' title='bbox 878 2808 933 2863; x_wconf 82' lang='lat'>307</span> <span class='ocrx_word' id='word_1_168' title='bbox 951 2823 1017 2863; x_wconf 83' lang='lat' dir='ltr'>oua:</span> <span class='ocrx_word' id='word_1_169' title='bbox 1035 2806 1088 2863; x_wconf 86' lang='lat' dir='ltr'>Ha.</span> <span class='ocrx_word' id='word_1_170' title='bbox 1108 2824 1145 2864; x_wconf 75' lang='lat' dir='ltr'>aa</span> <span class='ocrx_word' id='word_1_171' title='bbox 1157 2807 1198 2863; x_wconf 82' lang='lat' dir='ltr'>St.</span> <span class='ocrx_word' id='word_1_172' title='bbox 1214 2807 1314 2865; x_wconf 74' lang='lat' dir='ltr'>Gatlcn</span> <span class='ocrx_word' id='word_1_173' title='bbox 1330 2809 1383 2866; x_wconf 82' lang='lat' dir='ltr'>No.</span> <span class='ocrx_word' id='word_1_174' title='bbox 1394 2809 1447 2864; x_wconf 77' lang='grc'>546</span> <span class='ocrx_word' id='word_1_175' title='bbox 1466 2803 1621 2877; x_wconf 81' lang='lat' dir='ltr'>(Braudar),</span> 
     </span>
    </p>
   </div>
   <div class='ocr_carea' id='block_1_4' title="bbox 325 2963 1623 3108">
    <p class='ocr_par' dir='ltr' id='par_1_8' title="bbox 325 2963 1623 3108">
     <span class='ocr_line' id='line_1_27' title="bbox 389 2963 1623 3040; baseline -0.004 -17"><span class='ocrx_word' id='word_1_176' title='bbox 389 2966 414 3023; x_wconf 93' lang='lat' dir='ltr'>b.</span> <span class='ocrx_word' id='word_1_177' title='bbox 432 2965 617 3025; x_wconf 73' lang='lat' dir='ltr'>Lecartao.</span> <span class='ocrx_word' id='word_1_178' title='bbox 657 2972 698 3037; x_wconf 91' lang='lat'>10,</span> <span class='ocrx_word' id='word_1_179' title='bbox 717 2971 743 3024; x_wconf 78' lang='lat'>2.</span> <span class='ocrx_word' id='word_1_180' title='bbox 762 2967 900 3025; x_wconf 82' lang='lat' dir='ltr'>orbaHo.</span> <span class='ocrx_word' id='word_1_181' title='bbox 928 2997 962 3011; x_wconf 89' lang='lat'>-</span> <span class='ocrx_word' id='word_1_182' title='bbox 992 2972 1035 3038; x_wconf 82' lang='lat'>10,</span> <span class='ocrx_word' id='word_1_183' title='bbox 1053 2970 1078 3025; x_wconf 72' lang='grc' dir='ltr'>ὅ.</span> <span class='ocrx_word' id='word_1_184' title='bbox 1098 2970 1173 3040; x_wconf 84' lang='lat' dir='ltr'>sapit</span> <span class='ocrx_word' id='word_1_185' title='bbox 1189 2968 1242 3025; x_wconf 82' lang='lat' dir='ltr'>Ha.</span> <span class='ocrx_word' id='word_1_186' title='bbox 1271 2999 1304 3011; x_wconf 90' lang='lat'>—</span> <span class='ocrx_word' id='word_1_187' title='bbox 1335 2972 1377 3038; x_wconf 78' lang='lat'>12,</span> <span class='ocrx_word' id='word_1_188' title='bbox 1396 2972 1420 3024; x_wconf 88' lang='grc'>6.</span> <span class='ocrx_word' id='word_1_189' title='bbox 1446 2966 1489 3022; x_wconf 79' lang='lat' dir='ltr'>Bo</span> <span class='ocrx_word' id='word_1_190' title='bbox 1511 2968 1550 3020; x_wconf 82' lang='lat' dir='ltr'>iot</span> <span class='ocrx_word' id='word_1_191' title='bbox 1568 2963 1623 3020; x_wconf 80' lang='lat' dir='ltr'>wol</span> 
     </span>
     <span class='ocr_line' id='line_1_28' title="bbox 325 3037 604 3108; baseline -0.007 -12"><span class='ocrx_word' id='word_1_192' title='bbox 325 3037 446 3108; x_wconf 75' lang='lat' dir='ltr'>podium</span> <span class='ocrx_word' id='word_1_193' title='bbox 465 3056 504 3097; x_wconf 72' lang='lat' dir='ltr'>au</span> <span class='ocrx_word' id='word_1_194' title='bbox 522 3040 604 3096; x_wconf 76' lang='lat' dir='ltr'>leuen.</span> 
     </span>
    </p>
   </div>
   <div class='ocr_carea' id='block_1_5' title="bbox 575 3374 1364 3461">
    <p class='ocr_par' dir='ltr' id='par_1_9' title="bbox 575 3374 1364 3461">
     <span class='ocr_line' id='line_1_29' title="bbox 575 3374 1364 3461; baseline 0.003 -21"><span class='ocrx_word' id='word_1_195' title='bbox 575 3380 646 3442; x_wconf 80' lang='grc'><strong>709.</strong></span> <span class='ocrx_word' id='word_1_196' title='bbox 688 3374 740 3445; x_wconf 89' lang='lat' dir='ltr'>De</span> <span class='ocrx_word' id='word_1_197' title='bbox 760 3399 785 3445; x_wconf 83' lang='lat' dir='ltr'>o.</span> <span class='ocrx_word' id='word_1_198' title='bbox 807 3377 969 3447; x_wconf 70' lang='lat' dir='ltr'>smnoloo</span> <span class='ocrx_word' id='word_1_199' title='bbox 993 3379 1085 3447; x_wconf 83' lang='lat' dir='ltr'>Grac.</span> <span class='ocrx_word' id='word_1_200' title='bbox 1107 3380 1201 3461; x_wconf 76' lang='lat' dir='ltr'>episc.</span> <span class='ocrx_word' id='word_1_201' title='bbox 1223 3383 1251 3444; x_wconf 81' lang='lat' dir='ltr'>et</span> <span class='ocrx_word' id='word_1_202' title='bbox 1271 3382 1364 3443; x_wconf 76' lang='lat' dir='ltr'>mart.</span> 
     </span>
    </p>
   </div>
   <div class='ocr_carea' id='block_1_6' title="bbox 325 3492 1620 3641">
    <p class='ocr_par' dir='ltr' id='par_1_10' title="bbox 325 3492 1620 3641">
     <span class='ocr_line' id='line_1_30' title="bbox 325 3492 1620 3566; baseline -0.003 -16"><span class='ocrx_word' id='word_1_203' title='bbox 325 3494 371 3550; x_wconf 54' lang='lat' dir='ltr'>sm.</span> <span class='ocrx_word' id='word_1_204' title='bbox 397 3494 619 3563; x_wconf 61' lang='lat' dir='ltr'>componemus,</span> <span class='ocrx_word' id='word_1_205' title='bbox 645 3496 704 3566; x_wconf 79' lang='lat' dir='ltr'>pcb.</span> <span class='ocrx_word' id='word_1_206' title='bbox 731 3499 764 3551; x_wconf 76' lang='lat' dir='ltr'>tn</span> <span class='ocrx_word' id='word_1_207' title='bbox 791 3496 879 3554; x_wconf 76' lang='lat' dir='ltr'>Polou</span> <span class='ocrx_word' id='word_1_208' title='bbox 905 3515 951 3554; x_wconf 81' lang='lat' dir='ltr'>cm</span> <span class='ocrx_word' id='word_1_209' title='bbox 978 3498 1199 3562; x_wconf 67' lang='lat' dir='ltr'><strong><em>26.Jo12·1030‚</em></strong></span> <span class='ocrx_word' id='word_1_210' title='bbox 1226 3496 1322 3552; x_wconf 74' lang='lat' dir='ltr'>warde</span> <span class='ocrx_word' id='word_1_211' title='bbox 1349 3498 1421 3551; x_wconf 82' lang='lat'><em>1072</em></span> <span class='ocrx_word' id='word_1_212' title='bbox 1445 3492 1570 3564; x_wconf 75' lang='lat' dir='ltr'>Riochof</span> <span class='ocrx_word' id='word_1_213' title='bbox 1589 3494 1620 3547; x_wconf 69' lang='grc' dir='ltr'>ἐκ</span> 
     </span>
     <span class='ocr_line' id='line_1_31' title="bbox 394 3563 1543 3641; baseline 0 -21"><span class='ocrx_word' id='word_1_214' title='bbox 394 3563 527 3636; x_wconf 69' lang='lat' dir='ltr'>Brutum,</span> <span class='ocrx_word' id='word_1_215' title='bbox 546 3567 625 3622; x_wconf 74' lang='lat' dir='ltr'>atari</span> <span class='ocrx_word' id='word_1_216' title='bbox 644 3568 697 3622; x_wconf 81' lang='lat' dir='ltr'>den</span> <span class='ocrx_word' id='word_1_217' title='bbox 715 3568 915 3641; x_wconf 78' lang='lat' dir='ltr'>Martyrertod</span> <span class='ocrx_word' id='word_1_218' title='bbox 933 3587 977 3627; x_wconf 89' lang='lat' dir='ltr'>am</span> <span class='ocrx_word' id='word_1_219' title='bbox 997 3574 1022 3626; x_wconf 84' lang='lat'>8.</span> <span class='ocrx_word' id='word_1_220' title='bbox 1041 3570 1106 3626; x_wconf 80' lang='lat' dir='ltr'>Mai</span> <span class='ocrx_word' id='word_1_221' title='bbox 1123 3572 1203 3636; x_wconf 88' lang='lat'>1079,</span> <span class='ocrx_word' id='word_1_222' title='bbox 1223 3568 1332 3624; x_wconf 74' lang='lat' dir='ltr'>ceretrt</span> <span class='ocrx_word' id='word_1_223' title='bbox 1351 3584 1396 3623; x_wconf 85' lang='lat' dir='ltr'>am</span> <span class='ocrx_word' id='word_1_224' title='bbox 1414 3569 1440 3621; x_wconf 86' lang='grc'>8.</span> <span class='ocrx_word' id='word_1_225' title='bbox 1459 3564 1543 3634; x_wconf 74' lang='grc' dir='ltr'><strong>Μαί.)</strong></span> 
     </span>
    </p>
   </div>
   <div class='ocr_carea' id='block_1_7' title="bbox 325 3685 1479 5035">
    <p class='ocr_par' dir='ltr' id='par_1_11' title="bbox 325 3685 1378 4526">
     <span class='ocr_line' id='line_1_32' title="bbox 325 3685 1284 3755; baseline 0 -2"><span class='ocrx_word' id='word_1_226' title='bbox 325 3693 350 3753; x_wconf 85' lang='lat' dir='ltr'>l.</span> <span class='ocrx_word' id='word_1_227' title='bbox 376 3685 604 3752; x_wconf 84' lang='lat' dir='ltr'>Laetabundus</span> <span class='ocrx_word' id='word_1_228' title='bbox 1048 3690 1133 3755; x_wconf 89' lang='lat' dir='ltr'>Dum</span> <span class='ocrx_word' id='word_1_229' title='bbox 1147 3706 1284 3755; x_wconf 80' lang='lat' dir='ltr'>vesanus</span> 
     </span>
     <span class='ocr_line' id='line_1_33' title="bbox 374 3768 1308 3840; baseline 0.003 -6"><span class='ocrx_word' id='word_1_230' title='bbox 374 3768 667 3837; x_wconf 85' lang='lat' dir='ltr'>Plaudatmundua</span> <span class='ocrx_word' id='word_1_231' title='bbox 1048 3773 1182 3840; x_wconf 85' lang='lat' dir='ltr'>Mittens</span> <span class='ocrx_word' id='word_1_232' title='bbox 1195 3790 1308 3838; x_wconf 89' lang='lat' dir='ltr'>manus</span> 
     </span>
     <span class='ocr_line' id='line_1_34' title="bbox 375 3853 1269 3924; baseline 0.003 -5"><span class='ocrx_word' id='word_1_233' title='bbox 375 3853 514 3921; x_wconf 89' lang='lat' dir='ltr'>Plaudat</span> <span class='ocrx_word' id='word_1_234' title='bbox 526 3854 595 3919; x_wconf 84' lang='lat' dir='ltr'>Deo</span> <span class='ocrx_word' id='word_1_235' title='bbox 1048 3856 1131 3924; x_wconf 81' lang='lat' dir='ltr'>Oves</span> <span class='ocrx_word' id='word_1_236' title='bbox 1151 3856 1269 3923; x_wconf 83' lang='lat' dir='ltr'>Christi</span> 
     </span>
     <span class='ocr_line' id='line_1_35' title="bbox 376 3935 1251 4022; baseline 0.003 -18"><span class='ocrx_word' id='word_1_237' title='bbox 376 3935 456 4004; x_wconf 85' lang='lat' dir='ltr'>cmn</span> <span class='ocrx_word' id='word_1_238' title='bbox 470 3943 603 4022; x_wconf 82' lang='lat' dir='ltr'>tropaeo</span> <span class='ocrx_word' id='word_1_239' title='bbox 1047 3942 1151 4008; x_wconf 88' lang='lat' dir='ltr'>Dente</span> <span class='ocrx_word' id='word_1_240' title='bbox 1165 3941 1251 4007; x_wconf 85' lang='lat' dir='ltr'>tristi</span> 
     </span>
     <span class='ocr_line' id='line_1_36' title="bbox 374 4022 1378 4108; baseline 0.003 -21"><span class='ocrx_word' id='word_1_241' title='bbox 374 4022 480 4089; x_wconf 79' lang='lat' dir='ltr'>Decus</span> <span class='ocrx_word' id='word_1_242' title='bbox 495 4041 588 4088; x_wconf 86' lang='lat' dir='ltr'>omno</span> <span class='ocrx_word' id='word_1_243' title='bbox 606 4023 742 4090; x_wconf 81' lang='lat' dir='ltr'>saeculi:</span> <span class='ocrx_word' id='word_1_244' title='bbox 1049 4026 1147 4092; x_wconf 87' lang='lat' dir='ltr'>Velut</span> <span class='ocrx_word' id='word_1_245' title='bbox 1160 4025 1256 4108; x_wconf 87' lang='lat' dir='ltr'>lupus</span> <span class='ocrx_word' id='word_1_246' title='bbox 1269 4024 1378 4091; x_wconf 90' lang='lat' dir='ltr'>laniat.</span> 
     </span>
     <span class='ocr_line' id='line_1_37' title="bbox 374 4106 571 4172; baseline -0.01 0"><span class='ocrx_word' id='word_1_247' title='bbox 374 4106 571 4172; x_wconf 77' lang='lat' dir='ltr'>solemnizet</span> 
     </span>
     <span class='ocr_line' id='line_1_38' title="bbox 372 4188 1225 4273; baseline 0.002 -18"><span class='ocrx_word' id='word_1_248' title='bbox 372 4188 417 4256; x_wconf 79' lang='lat' dir='ltr'>Et</span> <span class='ocrx_word' id='word_1_249' title='bbox 432 4191 595 4273; x_wconf 78' lang='lat' dir='ltr'>hymnizat</span> <span class='ocrx_word' id='word_1_250' title='bbox 991 4200 1020 4260; x_wconf 76' lang='lat'>3,</span> <span class='ocrx_word' id='word_1_251' title='bbox 1046 4193 1225 4260; x_wconf 84' lang='lat' dir='ltr'>Execratur</span> 
     </span>
     <span class='ocr_line' id='line_1_39' title="bbox 371 4274 1277 4345; baseline 0.002 -5"><span class='ocrx_word' id='word_1_252' title='bbox 371 4274 513 4341; x_wconf 85' lang='lat' dir='ltr'>Dieista</span> <span class='ocrx_word' id='word_1_253' title='bbox 1047 4278 1091 4345; x_wconf 88' lang='lat' dir='ltr'>Et</span> <span class='ocrx_word' id='word_1_254' title='bbox 1106 4278 1277 4343; x_wconf 87' lang='lat' dir='ltr'>damnatur</span> 
     </span>
     <span class='ocr_line' id='line_1_40' title="bbox 371 4356 1258 4443; baseline 0.002 -20"><span class='ocrx_word' id='word_1_255' title='bbox 371 4356 625 4426; x_wconf 86' lang='lat' dir='ltr'>Pcrhaecfcsta</span> <span class='ocrx_word' id='word_1_256' title='bbox 1047 4361 1158 4428; x_wconf 81' lang='lat' dir='ltr'>Scelus</span> <span class='ocrx_word' id='word_1_257' title='bbox 1173 4362 1258 4443; x_wconf 82' lang='lat' dir='ltr'>regis</span> 
     </span>
     <span class='ocr_line' id='line_1_41' title="bbox 372 4442 1215 4526; baseline 0 -16"><span class='ocrx_word' id='word_1_258' title='bbox 372 4442 701 4525; x_wconf 81' lang='lat' dir='ltr'>Stauislaopraeauii.</span> <span class='ocrx_word' id='word_1_259' title='bbox 1046 4446 1215 4526; x_wconf 83' lang='lat' dir='ltr'>Iurelcgis</span> 
     </span>
    </p>

    <p class='ocr_par' dir='ltr' id='par_1_12' title="bbox 1027 4528 1479 4611">
     <span class='ocr_line' id='line_1_42' title="bbox 1027 4528 1479 4611; baseline -0.011 -15"><span class='ocrx_word' id='word_1_260' title='bbox 1027 4558 1029 4561; x_wconf 95' lang='lat'>·</span> <span class='ocrx_word' id='word_1_261' title='bbox 1044 4530 1107 4596; x_wconf 89' lang='lat' dir='ltr'>Per</span> <span class='ocrx_word' id='word_1_262' title='bbox 1121 4547 1288 4595; x_wconf 82' lang='lat' dir='ltr'>consuram</span> <span class='ocrx_word' id='word_1_263' title='bbox 1303 4528 1479 4611; x_wconf 81' lang='lat' dir='ltr'>praesulis:</span> 
     </span>
    </p>

    <p class='ocr_par' dir='ltr' id='par_1_13' title="bbox 325 4611 1443 5035">
     <span class='ocr_line' id='line_1_43' title="bbox 325 4611 1309 4696; baseline 0.001 -20"><span class='ocrx_word' id='word_1_264' title='bbox 325 4615 343 4676; x_wconf 75' lang='lat' dir='ltr'>t.</span> <span class='ocrx_word' id='word_1_265' title='bbox 364 4611 554 4678; x_wconf 73' lang='lat' dir='ltr'>Bolesluum</span> <span class='ocrx_word' id='word_1_266' title='bbox 1046 4616 1175 4696; x_wconf 72' lang='lat' dir='ltr'>augens</span> <span class='ocrx_word' id='word_1_267' title='bbox 1190 4612 1309 4679; x_wconf 86' lang='lat' dir='ltr'>mulum</span> 
     </span>
     <span class='ocr_line' id='line_1_44' title="bbox 371 4693 1259 4778; baseline 0.001 -18"><span class='ocrx_word' id='word_1_268' title='bbox 371 4694 432 4773; x_wconf 86' lang='lat' dir='ltr'>Qui</span> <span class='ocrx_word' id='word_1_269' title='bbox 448 4693 618 4778; x_wconf 86' lang='lat' dir='ltr'>profanum</span> <span class='ocrx_word' id='word_1_270' title='bbox 1045 4697 1259 4764; x_wconf 89' lang='lat' dir='ltr'>Inhumanum</span> 
     </span>
     <span class='ocr_line' id='line_1_45' title="bbox 369 4782 1333 4863; baseline 0.001 -19"><span class='ocrx_word' id='word_1_271' title='bbox 369 4782 593 4863; x_wconf 80' lang='lat' dir='ltr'>Arcetrcgom</span> <span class='ocrx_word' id='word_1_272' title='bbox 1044 4782 1109 4848; x_wconf 86' lang='lat' dir='ltr'>Lac</span> <span class='ocrx_word' id='word_1_273' title='bbox 1123 4798 1333 4847; x_wconf 89' lang='lat' dir='ltr'>mammarum</span> 
     </span>
     <span class='ocr_line' id='line_1_46' title="bbox 369 4861 1244 4947; baseline 0.003 -19"><span class='ocrx_word' id='word_1_274' title='bbox 369 4861 462 4932; x_wconf 89' lang='lat' dir='ltr'>Utin</span> <span class='ocrx_word' id='word_1_275' title='bbox 477 4882 607 4947; x_wconf 77' lang='lat' dir='ltr'>gregem</span> <span class='ocrx_word' id='word_1_276' title='bbox 1044 4866 1244 4933; x_wconf 87' lang='lat' dir='ltr'>Feminarum</span> 
     </span>
     <span class='ocr_line' id='line_1_47' title="bbox 369 4948 1443 5035; baseline 0 -20"><span class='ocrx_word' id='word_1_277' title='bbox 369 4948 499 5016; x_wconf 90' lang='lat' dir='ltr'>Domini</span> <span class='ocrx_word' id='word_1_278' title='bbox 514 4967 577 5016; x_wconf 90' lang='lat' dir='ltr'>uon</span> <span class='ocrx_word' id='word_1_279' title='bbox 593 4950 732 5018; x_wconf 80' lang='lat' dir='ltr'>saeviat:</span> <span class='ocrx_word' id='word_1_280' title='bbox 1043 4951 1110 5019; x_wconf 87' lang='lat' dir='ltr'>Dat</span> <span class='ocrx_word' id='word_1_281' title='bbox 1123 4949 1302 5035; x_wconf 80' lang='lat' dir='ltr'>sugendum</span> <span class='ocrx_word' id='word_1_282' title='bbox 1317 4949 1443 5017; x_wconf 83' lang='lat' dir='ltr'>catulis.</span> 
     </span>
    </p>
   </div>
   <div class='ocr_carea' id='block_1_8' title="bbox 0 0 1992 5800">
    <p class='ocr_par' dir='ltr' id='par_1_14' title="bbox 0 0 1992 5800">
     <span class='ocr_line' id='line_1_48' title="bbox 0 0 1992 5800; baseline 0 9"><span class='ocrx_word' id='word_1_283' title='bbox 0 0 1992 5800; x_wconf 95' lang='lat' dir='ltr'> </span> 
     </span>
    </p>
   </div>
  </div>
 </body>
</html>
