3975 5800
881 562 1113 626 —223—

350 745 381 805 4.
408 740 528 807 Perens
542 742 602 809 Dei
619 744 713 823 iectu,
1028 754 1056 812 5.
1082 748 1153 814 Tibi
1169 750 1212 813 sit
1227 748 1329 830 glorie

408 826 514 891 Mater
529 829 585 892 sed
601 831 731 909 intuetu,
1083 834 1217 898 Saecula
1232 851 1288 914 per
1306 833 1412 897 omnia

408 910 520 976 Maria.
1084 918 1196 982 Maria.
1219 918 1328 983 Amen.

408 995 457 1059 Tu
472 998 579 1062 mtrndi
601 998 738 1076 domiue,

407 1078 575 1145 Coelerunr
591 1082 710 1163 regine,

406 1163 518 1229 Maria.

423 1291 448 1327 e.
467 1273 553 1328 Teaet
597 1276 686 1331 Mure!
715 1277 767 1330 No.
786 1281 847 1332 200.
876 1278 903 1332 S.
937 1282 994 1332 126.
1023 1296 1090 1332 unte:
1119 1278 1170 1332 He.
1201 1296 1236 1333 zu
1255 1278 1294 1331 St.
1315 1277 1413 1332 Getlen
1442 1279 1494 1335 Ne.
1513 1282 1575 1345 546,
1603 1279 1652 1333 da·

349 1346 450 1485 321th
452 1348 600 1485 Reium,
629 1349 696 1401 aber
722 1350 772 1401 mit
800 1351 1009 1405 verecundetur
1038 1350 1161 1404 Metodie
1188 1352 1242 1420 (A).
1281 1380 1313 1390 -
1350 1351 1427 1405 ntiae.
1456 1350 1534 1404 iretr.
1563 1351 1651 1405 Perit.

422 1509 448 1562 b.
468 1506 649 1562 Lenarten.
686 1513 710 1563 3.
731 1510 810 1565 Felix
829 1517 858 1563 et
876 1511 965 1575 beatu,
985 1512 1045 1564 Deo
1065 1511 1240 1575 foecundata,
1260 1511 1359 1565 Merit.
1377 1509 1517 1566 Resteurtt
1534 1510 1652 1579 perdita,

349 1580 466 1634 Dimitte
486 1579 586 1648 debite,
605 1581 703 1635 Maria.
741 1585 765 1634 i.
796 1582 899 1636 Purens
927 1582 970 1636 dei
999 1582 1080 1648 iaetu,
1108 1583 1199 1637 Mater
1224 1582 1272 1638 sed
1291 1584 1405 1647 intucta,
1424 1583 1522 1636 Mutia.
1559 1583 1653 1638 Noua

349 1652 464 1706 miserie
481 1649 577 1706 Reduc
594 1652 629 1705 ad
647 1652 757 1721 gaudie,
777 1654 875 1708 Maria.
913 1658 937 1705 5.
965 1653 1007 1707 Tu
1027 1653 1120 1707 mundi
1140 1654 1249 1708 domine
1268 1655 1413 1709 coelerum
1433 1654 1537 1723 regine,
1552 1654 1652 1707 Maria,

349 1723 393 1777 stt
411 1723 461 1775 tihi
481 1723 569 1790 glorie
588 1725 685 1777 Sneein
704 1740 754 1792 per
773 1726 870 1779 emnia.
890 1726 987 1779 Maria.
1010 1727 1042 1779 Α.

422 1828 445 1863 r.
464 1810 620 1866 Bemerie.
659 1813 747 1867 {leber
765 1815 810 1867 die
829 1813 926 1868 Reime
944 1814 1055 1869 domina
1074 1834 1080 1867 ε
1100 1816 1196 1883 regine
1214 1815 1252 1883 (t)
1277 1814 1385 1883 sprt'eitt
1405 1813 1524 1868 Bartsch
1542 1813 1569 1867 S.
1591 1816 1651 1866 185.

559 2083 630 2145 296.
675 2080 716 2145 Iu
731 2085 1020 2147 conmemoratione
1034 2083 1141 2146 tmen
1157 2081 1289 2146 Martae
1303 2080 1445 2162 numinis.

350 2218 380 2278 1.
407 2212 536 2279 coelum
553 2216 640 2279 Deus
654 2214 828 2290 inelinavit,
1082 2216 1173 2281 Unde
1189 2216 1267 2280 inuri
1283 2234 1345 2280 nnn
1361 2215 1508 2295 neglexit,

405 2296 449 2361 Et
464 2298 628 2363 deseendit
639 2305 673 2363 et
687 2300 819 2364 intravit
1080 2302 1140 2379 Qui
1158 2320 1213 2382 pre
1229 2299 1318 2365 nubis
1333 2299 1517 2375 resurrexit,

405 2383 471 2447 Vas
486 2383 621 2447 electum
639 2384 740 2463 stirpe
758 2384 869 2463 itavid,
1081 2385 1123 2448 Et
1137 2403 1309 2466 resurgens
1325 2402 1382 2448 nus
1397 2384 1519 2447 revexit

405 2464 496 2541 Quod
512 2473 586 2531 ente
603 2468 808 2548 premiserat:
928 2514 937 2535 .
1080 2470 1127 2533 Ari
1144 2469 1240 2534 vitam
1258 2488 1314 2549 per
1331 2467 1502 2547 Virginem.

404 2550 465 2615 Per
479 2550 564 2631 quon
580 2551 687 2616 Verlm
703 2552 864 2618 maritavit
1023 2563 1051 2620 3.
1079 2552 1190 2617 (tande
1206 2552 1314 2632 Virgo,
1332 2556 1433 2615 nmter
1448 2550 1576 2627 Christi,

404 2634 550 2713 Cernem,
566 2637 615 2700 eni
632 2635 816 2717 subiugavit.
1079 2636 1167 2711 Quae
1183 2656 1239 2717 per
1253 2656 1362 2701 unrem
1377 2635 1561 2717 concepisti,

403 2717 543 2796 Geelum,
560 2720 598 2784 ed
616 2721 698 2799 quon
716 2721 893 2801 repertuvit
1078 2721 1144 2784 Nee
1159 2722 1190 2785 in
1207 2725 1301 2801 partu
1317 2720 1475 2801 pertulisti

403 2802 513 2873 Ovem,
529 2821 611 2882 quan
626 2805 774 2884 perierat.
1081 2804 1214 2870 Pudnris
1230 2805 1451 2885 dispendium:

343 2888 376 2948 2.
401 2885 485 2952 Miro
500 2887 594 2952 motin
610 2909 668 2953 nus
684 2888 804 2962 dilexit,
1078 2888 1159 2965 Qttie
1175 2889 1278 2954 Deum
1293 2888 1440 2967 uerrrristi,

402 2968 462 3046 Qui
480 2991 536 3052 pru
553 2972 643 3038 nubis
659 2992 694 3037 se
711 2974 863 3054 despexit,
1078 2975 1158 3037 tnnn
1176 2974 1222 3038 sic
1237 2980 1345 3038 nostru
1362 2978 1396 3037 tn
1413 2972 1501 3037 inisti

404 3055 488 3118 Itum
502 3055 561 3120 sub
577 3064 688 3121 nostre
702 3075 797 3121 earne
813 3061 891 3123 texit
1078 3057 1181 3134 Seius,
1199 3057 1282 3138 plebi
1298 3056 1407 3121 enrrier
1422 3056 1474 3120 isti

402 3137 500 3204 Suram
515 3141 782 3220 magnitudinem:
1078 3142 1179 3205 Tnnm
1197 3141 1417 3224 patrocinium.
1441 3140 1550 3204 Arnen.

418 3245 517 3302 Text.
554 3249 641 3305 Nenle
660 3266 685 3318 p.
704 3253 765 3305 259.
785 3268 800 3306 e
819 3252 897 3306 Misn.
917 3251 1089 3306 Nidrnsiensi
1112 3252 1187 3304 1519.
1216 3279 1249 3289 -
1277 3249 1375 3303 Daniel
1395 3248 1428 3316 V,
1448 3252 1509 3302 331.
1528 3248 1578 3301 hat
1597 3248 1650 3302 deu

344 3315 418 3372 Test
437 3335 490 3374 aun
509 3319 605 3374 Neele.

720 3595 790 3655 297.
834 3590 886 3656 De
908 3590 997 3656 beatu
1020 3591 1131 3657 Mutia
1155 3591 1285 3671 uimine.

345 3735 375 3794 l.
402 3729 513 3794 Dulcis
528 3749 585 3795 eve
600 3734 794 3814 poenitentis
1022 3740 1051 3801 3.
1077 3734 1125 3799 Ad
1143 3740 1174 3798 te
1189 3732 1313 3797 flebiles
1328 3732 1512 3807 clamemus,

402 3813 603 3881 Gunsnlutrix
619 3821 650 3881 te
666 3820 850 3898 quaerentis
1077 3818 1124 3883 nn
1142 3824 1174 3882 te
1189 3816 1268 3914 lapsi
1283 3816 1480 3897 suspiremus

401 3897 585 3964 Miseratrix
600 3902 740 3966 animae:
1076 3902 1167 3966 Servi
1183 3907 1229 3967 tur
1245 3899 1371 3965 miseri:

401 3981 522 4048 Parens
558 3985 635 4052 rnlis
651 3986 880 4067 praeminentis
1075 3986 1109 4051 Si
1124 3985 1167 4050 sit
1181 3985 1326 4064 multum,
1344 3984 1429 4064 quod
1444 4002 1621 4066 pecutmus,

403 4065 516 4131 Cernis
530 4003 653 4148 augilis
668 4074 701 4133 et
716 4070 832 4136 ruentis
1074 4070 1134 4134 Tni
1150 4087 1260 4134 smnus
1276 4075 1309 4133 et
1324 4087 1490 4151 speramus

400 4150 518 4216 Aestus
532 4152 564 4216 iu
580 4171 638 4217 nos
653 4154 802 4235 reprime.
1075 4154 1136 4218 Per
1151 4158 1183 4218 te
1198 4153 1278 4218 salvi
1292 4151 1371 4218 fieri.

343 4237 374 4297 2.
401 4233 474 4299 Tibi
489 4253 613 4317 semper·
628 4258 646 4301 ο
663 4235 758 4302 beate
1019 4239 1048 4300 4.
1076 4237 1103 4302 0
1118 4235 1256 4304 clemens
1271 4255 1329 4302 nos
1344 4237 1509 4304 consulare

399 4316 487 4383 Inest
499 4319 604 4400 pietas
622 4320 733 4385 innam
1074 4321 1101 4386 0
1117 4322 1171 4404 pie
1184 4340 1243 4388 nos
1258 4321 1438 4386 confortare

401 4399 478 4466 Cum
499 4403 731 4469 misericordia:
1076 4405 1223 4486 Digneris
1238 4404 1395 4487 propicia:

399 4482 756 4566 Tuesreisedveeutu,
1073 4488 1218 4555 Odulcis
1232 4488 1419 4570 propiciare,

400 4567 462 4635 Per
477 4575 509 4636 te
524 4570 585 4636 init
600 4577 764 4653 reportata
1074 4574 1122 4638 Ne
1138 4578 1357 4655 postmortem
1374 4588 1433 4636 nos
1447 4589 1576 4637 amuree

398 4651 571 4736 'liteophilo
587 4656 688 4721 venie.
1072 4657 1169 4722 Morti
1184 4656 1322 4722 reddant
1336 4656 1423 4721 vitia.
1444 4658 1555 4722 Amen.

415 4759 511 4817 Text.
547 4764 626 4819 Miss.
646 4763 724 4819 iretr.
745 4764 825 4819 Puris
846 4766 922 4818 1520.
