3975 5800
921 635 964 654 -
1006 604 1081 673 ute·
1113 636 1152 657 ··

387 795 419 856 8.
452 789 480 856 0
494 787 630 869 largitor
643 787 758 854 summi
772 787 906 869 praemii

451 873 561 939 Nostri
577 874 647 938 sola
662 890 737 955 spes
751 871 868 947 solatii,

451 956 618 1038 Virginum
634 957 756 1039 gloriae
770 960 934 1021 consortes
949 952 1018 1020 fieri
1034 972 1091 1021 nos
1106 952 1221 1034 tribue,

451 1035 576 1121 Facque
591 1048 647 1106 tua
663 1041 784 1106 visione
798 1039 861 1105 frui
875 1057 934 1106 nos
950 1041 1019 1105 sine
1034 1037 1106 1104 fine.
1135 1040 1247 1104 Anien.

388 1219 429 1276 m
455 1148 598 1276 333th
635 1149 725 1205 Merel
743 1148 795 1206 No.
813 1150 875 1204 662.
894 1148 921 1204 8.
940 1150 994 1203 618
1013 1163 1080 1204 aaa:
1098 1146 1151 1203 He.
1170 1162 1208 1202 aa
1224 1145 1265 1204 St.
1281 1145 1383 1205 ouum
1399 1145 1518 1210 666646
1534 1144 1692 1217 (flander),

459 1309 484 1364 b.
504 1308 656 1364 Bemerk.
692 1308 755 1364 Der
780 1308 853 1365 Text
879 1308 988 1365 arlant
1014 1307 1177 1362 nudorum.
1212 1304 1293 1362 Dare
1320 1306 1366 1363 die
1392 1321 1448 1363 eon
1471 1306 1530 1360 mir
1554 1303 1693 1376 96666666

257 1436 265 1447 ,
389 1381 691 1452 ttroptenanruetrunp
708 1380 812 1452 rieltip
829 1384 877 1449 iat,
907 1395 986 1451 saepe
1011 1378 1059 1435 teir
1074 1379 1154 1434 nieht
1180 1394 1218 1434 aa
1235 1377 1400 1451 tetwptea
1435 1376 1527 1435 llerel
1543 1376 1596 1433 hut
1611 1375 1692 1434 letne

388 1449 696 1524 strupumabtteilunp.

851 1716 923 1782 862.
965 1711 1020 1779 De
1043 1733 1069 1780 s.
1098 1711 1228 1781 Ursule.

391 1864 419 1924 1.
441 1857 515 1924 Iesu
530 1855 665 1932 Christe,
681 1856 783 1938 patris
798 1856 971 1938 unigenite,
987 1860 1083 1922 natus
1097 1856 1168 1937 ipse
1180 1854 1324 1937 uirginis,
1338 1857 1463 1919 amator
1477 1853 1650 1934 restituis,

389 1947 418 2008 2.
440 1940 486 2008 Te
499 1941 676 2022 inspirante
691 1947 814 2006 mentes
829 1941 889 2007 tibi
903 1940 1038 2006 devotae
1058 1958 1167 2021 annua,
1189 1956 1300 2006 sexum
1319 1946 1471 2024 superant
1491 1938 1693 2021 viriliterque

389 2115 418 2176 8.
440 2110 529 2177 Inter
540 2024 716 2190 (slteuipereirauilat
724 2124 807 2190 quae
830 2105 909 2175 iacis
929 2107 1091 2175 mirabilia
1111 2125 1262 2191 magnum
1277 2109 1334 2174 dat
1347 2105 1565 2191 spectaculum
1578 2106 1692 2174 trium·

390 2285 419 2346 4.
443 2191 903 2359 ρυαθρεζῗὲιῖἕῖἓὲῃῖἒέᾞὶαῑίε
924 2276 1002 2357 lilia,
1028 2283 1065 2342 ut
1087 2277 1133 2342 sic
1154 2277 1258 2359 magis
1279 2276 1416 2354 lueeant,
1440 2273 1513 2342 fuso
1535 2275 1693 2357 sanguine

390 2449 419 2520 6.
442 2366 768 2542 lnterpplugslrsalncm
787 2461 858 2509 eum
879 2443 973 2510 sociis
987 2442 1107 2512 Ursule
1128 2449 1166 2511 ut
1187 2461 1260 2512 rosa
1279 2445 1312 2510 in
1325 2443 1448 2510 Iericho
1469 2441 1693 2510 floreteorarn

391 2616 419 2678 6.
442 2529 781 2692 Haeelliniinlaopetena
796 2611 972 2694 apostoliea
987 2611 1139 2677 conduxit
1155 2611 1186 2693 (e
1201 2611 1320 2694 patria)
1336 2609 1581 2694 undenasecum
1592 2610 1692 2676 milia.

391 2701 420 2761 7.
442 2695 524 2762 lllue
546 2698 722 2762 instructae
743 2712 853 2760 sacrae
875 2695 960 2761 sedis
981 2712 1002 2760 a
1022 2695 1180 2778 praesule,
1202 2693 1411 2779 Agrippinam
1430 2692 1569 2761 redeunt
1584 2694 1693 2776 ibique

539 2779 766 2860 martyrizatae
781 2785 866 2845 sunt.

389 2868 419 2930 6.
440 2860 528 2946 Ergo
548 2864 643 2961 leuna
658 2863 769 2946 Deum,
791 2867 901 2930 saneta
916 2860 1057 2945 Colonia,
1081 2862 1136 2946 qui
1155 2868 1189 2930 te
1209 2861 1310 2930 tantis
1332 2860 1461 2929 milibus
1481 2860 1598 2930 ditavit
1620 2862 1691 2947 pig·

390 3035 419 3098 9.
442 3030 528 3099 Laus
538 2950 749 3182 lffffiioua
764 3033 865 3099 honor
879 3036 912 3099 et
927 3030 1061 3100 victoria
1075 3031 1118 3099 sit
1131 3033 1215 3117 patri
1227 3038 1261 3098 et
1272 3031 1336 3098 filio
1357 3030 1549 3115 spirituique
1570 3034 1691 3099 sancta

567 3136 648 3182 men.

387 3298 424 3353 ω
449 3222 554 3352 fugai.
589 3223 679 3282 Morel
706 3224 758 3281 No.
778 3226 838 3281 554.
866 3223 895 3279 6.
914 3227 968 3280 320
995 3239 1063 3280 aue:
1090 3222 1144 3280 Hs.
1171 3240 1209 3280 aa
1234 3221 1367 3283 Bteinuu
1392 3222 1446 3282 No.
1474 3224 1534 3281 168
1562 3221 1611 3281 Bi.
1629 3225 1691 3281 646.

425 3335 432 3351 .
508 3312 550 3351 r.

780 3565 850 3628 863.
893 3557 946 3625 De
969 3579 994 3625 s.
1027 3559 1146 3625 Verona
1167 3560 1297 3645 sirpine.

388 3673 468 3743 (eeu.
487 3692 524 3731 ru
542 3672 636 3732 16666
661 3680 693 3732 in
709 3679 863 3749 Aepppren,
890 3682 958 3747 pest.
986 3693 1024 3731 eu
1042 3677 1173 3732 Zuraaelt
1200 3677 1232 3732 iu
1260 3676 1309 3732 der·
1336 3676 1471 3734 Seleucia.
1508 3675 1556 3733 Im
1573 3675 1692 3734 «61308

388 3746 504 3802 werden
529 3747 591 3801 ihre
617 3746 737 3804 Gebeine
763 3750 795 3803 in
822 3749 871 3804 der
898 3748 1194 3890 St.au3e{le52;l{t5de
1212 3764 1250 3805 ru
1270 3746 1352 3804 Wieu
1376 3747 1536 3821 eriperem.
1577 3746 1694 3806 Veretrt

889 3926 1005 3992 (Auctor
1023 3930 1066 3982 est
1084 3924 1195 3993 Berno.)

431 4033 584 4102 Laetetur
599 4036 733 4102 eeclesia
747 4037 886 4103 iubilaus
900 4041 960 4103 ete.

461 4140 556 4199 Text.
592 4143 699 4201 Dioren
716 4145 833 4217 Ansaap
851 4145 902 4201 het
919 4146 1071 4217 Sehnlriger
1088 4146 1117 4201 8.
1134 4148 1178 4202 66.

778 4385 849 4447 864.
891 4378 943 4447 De
967 4400 992 4447 s.
1023 4378 1144 4449 Verere
1164 4379 1295 4462 virpine.

431 4496 508 4562 Dies
522 4494 614 4562 adest
628 4498 773 4562 revoluta

431 4578 519 4657 Quae
534 4578 714 4663 praefulget
728 4579 877 4645 instituta

431 4663 618 4731 Multil'ormi
633 4666 740 4745 gratia
753 4669 812 4730 etc.

390 4772 554 4915 (Βηὲὲὶεοὶι.
590 4772 696 4829 Dieseu
723 4772 840 4846 Anfanp
864 4773 915 4828 hut
941 4773 1042 4829 Daniel
1061 4773 1095 4844 V,
1114 4775 1150 4831 88
1177 4785 1230 4829 aar
1257 4771 1318 4828 dem
1336 4772 1403 4829 cod.
1422 4771 1450 4830 8.
1469 4771 1543 4832 aaut
1566 4772 1622 4831 No.
1638 4772 1688 4829 tlt

510 4862 543 4899 r.
