3975 5800
353 712 384 775 3.
399 710 508 777 Iustus
523 707 555 775 in
569 707 698 788 iudicio,
1028 715 1058 775 7.
1076 706 1437 792 Sponsionefsotavoti

401 794 568 877 Frequens
583 793 616 858 in
631 792 747 859 ieiunio
1077 793 1197 860 Vocem
1211 792 1319 859 reddit
1334 793 1500 859 sacerdoti

400 878 500 944 Artas
517 878 679 943 atterebat
1076 878 1121 943 Et
1133 877 1249 943 infanti
1262 877 1392 945 tibiam:

400 963 523 1044 Aspero
539 962 650 1040 cilicio,
1077 962 1194 1028 Statim
1208 963 1294 1028 inter
1307 961 1462 1027 Fratrum
1476 978 1586 1033 manus

401 1045 682 1112 Fertidadevotio
1078 1046 1194 1111 Frater
1207 1046 1313 1112 minor
1326 1046 1435 1129 surgit
1448 1063 1548 1112 sanus

401 1129 542 1197 Mentem
559 1129 756 1195 incendebat.
1079 1131 1157 1196 Post
1171 1130 1298 1214 longam
1312 1130 1488 1196 miseriam.

353 1218 383 1278 4.
401 1215 472 1279 Viri
495 1215 585 1297 prati
601 1213 819 1295 conspirantes
1028 1222 1058 1283 8.
1076 1215 1213 1281 Peneum
1228 1215 1337 1282 reddit
1350 1213 1491 1291 mulieri,

401 1300 445 1365 Et
459 1300 491 1364 in
507 1316 614 1363 necem
630 1297 847 1364 machinantes
1078 1300 1168 1379 Quae
1182 1300 1234 1365 vix
1249 1301 1320 1382 capi
1335 1300 1385 1364 uel
1401 1299 1508 1365 teneri

402 1383 499 1463 Regis
514 1383 717 1461 unanimiter,
1078 1383 1212 1450 Poterat
1225 1401 1304 1466 prae
1316 1382 1419 1450 furia:

402 1467 527 1534 Bellum
542 1471 670 1532 movent
684 1466 905 1547 improvisum,
1078 1468 1217 1551 Oquam
1236 1469 1377 1550 probant
1396 1466 1604 1535 Saloninus

402 1554 470 1619 Rex
489 1552 610 1617 occisus
626 1551 816 1616 Paradisum
1077 1552 1122 1619 Et
1136 1550 1324 1618 confirment
1337 1552 1435 1619 fidem
1451 1554 1500 1618 rei

402 1636 519 1702 Introit
534 1634 677 1702 feliciter.
1078 1636 1182 1702 Tanta
1196 1636 1374 1704 mirabilia!

355 1722 385 1781 b.
404 1719 801 1787 Adelunctisrevocatam
1029 1725 1058 1784 9.
1077 1719 1248 1803 Ergoregi
1261 1720 1395 1787 mirilico

403 1804 500 1870 Matri
515 1805 619 1870 vivam
634 1803 741 1870 reddit
757 1808 875 1883 natam,
1079 1805 1163 1870 Laus
1179 1804 1372 1871 laetabundo
1388 1806 1515 1875 cantico

403 1889 447 1954 Et
462 1896 555 1955 sanat
569 1906 776 1972 puerperam:
1079 1889 1329 1972 Frequentetur:

360 2024 367 2041 .
404 1973 551 2055 Quinque
567 1974 670 2056 plagis
685 1972 862 2051 vulnerato,
1079 1972 1457 2057 OuiusfruensUpsalia

404 2059 473 2123 lam
489 2058 528 2123 de
543 2060 610 2123 vita
631 2056 800 2139 desperato
1080 2058 1222 2124 Salutari
1237 2060 1419 2142 praesentia

404 2143 470 2207 Dat
484 2142 621 2207 salutem
638 2159 817 2225 posueram.
1080 2143 1286 2209 lucundetur.

358 2223 386 2291 6.
405 2227 493 2293 Felix
509 2226 720 2307 cuiusgratia
1012 2225 1060 2290 10.
1083 2227 1131 2293 Tu
1147 2229 1301 2294 Sueorum
1316 2227 1395 2305 Rex,
1411 2226 1508 2295 Erice

404 2310 762 2393 Fuganturdaemonia
1079 2312 1197 2395 Magne
1213 2312 1505 2396 Martyretaniiee

405 2396 526 2461 Vident
542 2397 718 2461 excaecati:
1079 2397 1148 2476 Dei,
1163 2414 1257 2479 prece
1272 2396 1386 2463 sedula

406 2480 578 2545 Contracta
593 2479 738 2561 erigitur,
1080 2482 1280 2547 venerantes
1294 2500 1353 2547 nos
1369 2482 1506 2547 emenda

406 2565 449 2630 Et
463 2564 647 2630 submersus
661 2564 805 2630 redditur
1080 2565 1124 2632 Et
1137 2583 1196 2632 nos
1211 2566 1259 2631 illi
1273 2567 1510 2640 recommendo,

405 2648 523 2715 Plenae
539 2649 681 2715 sanitati.
1080 2650 1142 2729 Qui
1156 2655 1271 2732 regnat
1285 2650 1318 2716 in
1333 2651 1453 2716 secula.

407 2757 502 2814 Text.
539 2759 640 2816 Daniel
658 2759 693 2829 ΙΙ,
714 2762 765 2816 167
785 2777 819 2817 ex
837 2764 899 2818 Act.
919 2762 1068 2819 santorum
1086 2761 1153 2817 Mai.
1181 2760 1259 2817 Tom.
1278 2760 1326 2817 1v.
1355 2777 1382 2831 p.
1405 2764 1471 2817 197:
1496 2758 1603 2830 ,Dius

337 2837 446 2888 vetusto
464 2830 601 2887 Missali.“

979 3003 1060 3012 .--...—

724 3117 794 3182 558.
837 3113 891 3181 Dc
911 3134 937 3179 s.
960 3112 1085 3179 Estote
1106 3117 1254 3198 nrortyre.

889 3230 930 3298 (s.
948 3229 1005 3287 No.
1026 3234 1098 3300 790.)

343 3356 370 3415 1.
398 3349 469 3416 Hac
483 3352 516 3416 iu
531 3352 582 3419 die
598 3354 772 3437 gloriemur·
1072 3354 1147 3420 llos
1161 3354 1223 3428 nix,
1238 3351 1360 3435 grando
1376 3350 1600 3419 descendentes

396 3435 439 3499 Et
454 3437 568 3504 devote
583 3457 772 3505 veneremur
1072 3440 1164 3518 Dece,
1181 3456 1253 3504 aras
1269 3438 1495 3504 subvertentes

396 3521 512 3587 Eskilli
527 3523 687 3590 solennia:
1072 3522 1460 3605 Destruxeruntpenitus.

398 3605 459 3682 Qui
473 3626 531 3689 pro
546 3607 608 3672 fide
623 3607 784 3690 lapidatus
1016 3609 1046 3667 4.
1072 3609 1191 3674 Hostes
1208 3606 1322 3672 sternit
1340 3605 1389 3671 uis
1405 3604 1595 3687 Sampsouis

397 3692 466 3756 lam
482 3710 501 3756 a
516 3691 642 3757 Christo
658 3693 850 3759 sublimatus
1072 3694 1211 3774 Lampas
1231 3691 1317 3756 lucet
1331 3690 1500 3768 GedconiS,

398 3775 530 3841 Residet
543 3776 575 3840 in
590 3777 701 3857 gloria.
1073 3780 1156 3844 Dum
1172 3774 1302 3841 Praesul
1317 3772 1487 3840 occiditur:

342 3855 372 3916 2.
397 3859 526 3924 Transit
540 3861 628 3942 rigor
642 3861 797 3941 hiemalis,
1072 3860 1221 3927 Infideles
1236 3858 1341 3925 cuncti
1358 3857 1500 3936 credunt

398 3943 507 4009 Novus
523 3943 617 4011 floret
632 3945 691 4011 dos
706 3946 844 4013 vernalis
1024 3978 1030 3988 ·
1074 3945 1171 4025 Aegri
1185 3945 1324 4009 clamant
1339 3950 1373 4009 et
1387 3942 1552 4021 accedunt

397 4028 434 4092 In
450 4029 586 4094 salutem
602 4032 759 4112 gentium:
1075 4030 1196 4107 Quibus
1211 4028 1297 4093 salus
1312 4027 1467 4093 redditur.

398 4111 499 4178 Error·
513 4113 607 4190 cedit,
624 4115 813 4181 sublimatur
1019 4112 1048 4170 5·
1073 4116 1139 4181 Nos
1153 4116 1302 4194 aegrotos
1317 4129 1410 4194 prece
1424 4128 1512 4189 saue,

400 4195 520 4263 Christi
534 4198 621 4277 fines,
638 4203 864 4282 augmentatur
1074 4199 1159 4276 Quos
1175 4200 1341 4280 impugnat
1355 4214 1428 4261 caro
1444 4212 1537 4272 vana,

399 4282 560 4349 Numerus
579 4283 730 4350 fidelium.
1074 4282 1214 4349 blundus
1229 4287 1262 4347 et
1277 4280 1453 4360 deeruonin,

344 4365 373 4424 3·
399 4369 483 4433 Dum
498 4386 624 4451 pagana
638 4387 716 4448 gens
736 4369 871 4436 honorat
1076 4367 1180 4446 Pater,
1197 4371 1295 4442 tutor,
1312 4367 1375 4430 dux
1391 4365 1547 4431 Sueorum

399 4453 495 4532 Deos,
510 4453 615 4518 Deum
629 4451 760 4520 Praesul
778 4460 850 4519 orat
1073 4454 1140 4518 Nos
1156 4451 1300 4516 concives
1315 4449 1366 4515 lac
1379 4457 1564 4516 sanctorum

400 4538 533 4621 Signum
551 4538 620 4603 dari
635 4540 788 4605 coelitus:
1075 4537 1111 4602 ln
1128 4554 1267 4619 superna
1281 4535 1379 4600 curia.

416 4645 511 4702 Text.
548 4649 649 4704 Daniel
669 4648 703 4718 IL
723 4651 776 4703 214
795 4663 829 4704 ox
847 4647 909 4703 Act.
929 4647 1102 4702 Sanctorum.
1121 4646 1180 4703 lun.
1200 4645 1277 4700 Tom.
1296 4643 1330 4699 lI.
1350 4661 1376 4714 p.
1393 4647 1458 4701 598:
1478 4643 1541 4715 „Ex
1557 4647 1604 4697 ret

344 4719 453 4776 Missali
472 4721 567 4792 Sueco,
587 4722 699 4778 saeculo
717 4720 823 4777 decimo
842 4720 939 4790 quinto
958 4719 1087 4774 excuso.“
