3975 5800
877 578 1108 641 -154-

343 765 372 829 6
396 760 457 827 Sed
481 758 558 842 quid
580 777 639 824 nns
660 759 705 824 ist
690 763 741 824 tos
765 777 964 826 recensemus
987 761 1110 838 heroas,
1133 779 1204 825 aum
1225 767 1301 826 tuus
1317 767 1413 826 natus
1428 779 1539 826 omnes
1555 778 1649 844 prae

493 844 587 909 celiat
602 844 675 908 illus
691 848 786 924 atque
801 855 930 910 euinctus
945 864 1005 926 per
1019 845 1137 911 77777777.

345 934 373 993 7.
396 928 461 993 Nos
484 928 543 994 7777
565 927 616 991 7177
638 929 697 994 tibi
720 937 833 1009 gntga
835 947 870 993 os
889 948 982 995 serva
1004 931 1104 1011 virgo
1126 931 1158 995 in
1179 930 1280 995 lucem
1296 929 1405 994 mundi
1421 947 1485 1010 qna
1501 929 1648 1013 prodisti

494 1011 638 1094 paritur-r
654 1013 811 1078 coelorum
833 1013 947 1079 lumen.

414 1136 439 1175 a.
459 1120 552 1175 Text.
589 1121 688 1175 Daniel
708 1122 740 1188 11,
760 1126 802 1175 22.
822 1125 882 1177 364.
904 1123 1005 1177 70771.
1026 1123 1101 1177 Mon.
1122 1126 1146 1176 5.
1167 1138 1239 1178 7777.
1259 1124 1306 1177 XI.
1336 1124 1382 1191 (777
1409 1131 1437 1177 77
1461 1122 1547 1178 codd.
1566 1122 1649 1176 Vind.

344 1197 369 1248 2.
389 1207 461 1248 7777.
480 1193 526 1246 XI.
547 1193 599 1264 (Β).
619 1193 700 1247 Vind.
720 1197 745 1247 3.
765 1209 836 1248 saec.
857 1194 903 1247 XI.
924 1195 974 1263 (0).
1011 1194 1092 1248 777771.
1113 1198 1137 1248 5.
1156 1210 1228 1249 saec.
1247 1194 1307 1248 Xli.
1333 1195 1388 1264 (D).
1425 1225 1459 1234 —
1496 1193 1651 1264 Sehnbiger

344 1264 396 1320 No.
415 1266 458 1317 28.
478 1280 493 1317 e
513 1265 578 1319 Cnd.
597 1265 712 1320 Einsidl.
733 1269 766 1319 36
787 1266 840 1332 (Ε).
853 1295 885 1306 -
899 1266 963 1321 eod.
984 1265 1094 1320 710770.
1115 1267 1156 1336 (F,
1175 1266 1226 1320 17777
1244 1266 1283 1319 77.
1294 1267 1388 1321 Christ
1405 1267 1461 1318 mir
1472 1265 1650 1335 aerqlicden).

344 1365 378 1378 -
398 1336 462 1391 (7777.
484 1336 673 1389 Wirzenborn.
694 1352 764 1391 7777.
785 1337 858 1391 XIV.
880 1338 932 1395 th.
971 1339 1051 1392 dext.
1080 1353 1136 1404 naq.
1165 1338 1220 1409 (11).
1259 1340 1320 1405 Seq.
1349 1338 1418 1392 Dar.
1447 1336 1577 1403 17950).
1615 1367 1650 1377 -

344 1408 423 1461 171777.
444 1409 500 1460 Cui.
523 1411 590 1460 1504
610 1406 664 1474 (Κ),
685 1409 757 1476 Mag.
780 1413 848 1462 7507
868 1410 921 1477 (L),
904 1409 1023 1474 ).Η7177
1045 1413 1110 1462 1517
1133 1409 1193 1478 (71),
1212 1408 1298 1462 mind.
1320 1412 1388 1463 1613
1407 1409 1509 1478 (Ni-
1475 1408 1650 1477 -Adelph

344 1479 520 1602 89etti)x-
490 1549 537 1603 XI
559 1479 638 1532 7977777
666 1481 738 1533 7777777
766 1481 803 1533 im
833 1481 898 1535 0777.
918 1481 944 1535 S.
964 1480 1036 1535 Gall.
1057 1483 1109 1537 546
1138 1480 1285 1549 (7777777177)
1313 1481 1372 1534 aad
1390 1486 1406 1535 77
1426 1480 1511 1536 Codd.
1529 1479 1650 1535 Einsidl.

344 1566 408 1606 777

417 1636 650 1693 7777777777.
690 1643 712 1691 l.
732 1638 842 1707 dignum
862 1641 948 1693 A.-
969 1642 993 1692 3.
1014 1639 1131 1693 77777777
1151 1638 1235 1692 (7.
1257 1644 1280 1693 4.
1300 1639 1561 1696 6717777777.
1590 1655 1652 1693 cnr-

347 1717 451 1764 reatum
472 1710 501 1763 F.
522 1717 678 1778 correptum
698 1710 729 1764 G.
751 1740 784 1750 -
804 1715 828 1764 5.
849 1717 876 1764 77
895 1711 939 1764 ad.
958 1709 1068 1764 Daniel.
1087 1741 1121 1750 —
1141 1709 1241 1765 Matris
1261 1711 1326 1766 Osie
1342 1753 1348 1764 .
1366 1753 1372 1764 .
1387 1711 1536 1780 regiositas
1559 1711 1591 1766 G.
1616 1740 1651 1751 -

347 1782 372 1835 6.
392 1781 584 1849 praecedite.
603 1811 637 1821 -
657 1785 681 1833 7.
702 1798 742 1849 gr.
762 1782 839 1836 salva
858 1781 892 1835 H.
912 1798 983 1850 quaa
1002 1782 1073 1835 17777.
1093 1798 1174 1850 quam
1194 1781 1255 1836 LM.

417 1886 439 1923 c.
459 1868 619 1922 Benaerd.
660 1868 747 1921 dieder
766 1870 818 1923 77777
838 1868 1039 1939 17777777777177
1057 1878 1108 1922 777.
1127 1870 1236 1937 ,77777777
1255 1870 1372 1926 Bartsch
1390 1870 1418 1924 S.
1436 1874 1461 1926 9.
1481 1873 1525 1923 30.
1544 1872 1587 1922 36.
1606 1871 1653 1925 38.

345 1944 388 1994 42.
407 1944 451 1995 43.
470 1945 505 1994 48
532 1944 575 1995 59.
595 1944 638 1994 00.
657 1945 700 1995 (79.
721 1945 780 1994 101.

721 2090 788 2151 193.
832 2086 950 2151 Sareaiu
971 2086 1104 2152 Maride
1125 2086 1285 2150 nativitem.

349 2227 375 2284 7.
402 2219 462 2283 7777
476 2216 708 2297 Purnnlmnista
1023 2223 1051 2284 6.
1078 2218 1165 2283 Η777
1179 2223 1228 2282 777
1241 2216 1310 2282 7717
1324 2222 1509 2282 cunctarum
1525 2217 1613 2297 hera,

402 2303 480 2368 Cum
495 2320 584 2364 ruera
599 2300 801 2382 symphonia,
1078 2302 1225 2366 Materna
1240 2302 1413 2365 obscurans
1431 2301 1566 2382 piacula,

401 2385 492 2451 Tuba
506 2394 540 2450 77
558 2401 675 2448 cariora
1078 2386 1165 2450 Haec
1181 2394 1230 2450 est
1245 2387 1334 2464 virgo
1351 2403 1411 2449 nun
1427 2385 1570 2465 irrigata,

402 2468 583 2535 Palinodias
600 2474 703 2532 canta.
1078 2469 1141 2534 Sed
1157 2470 1216 2533 Dei
1231 2471 1337 2550 gratia
1351 2466 1509 2550 florigera

347 2560 376 2620 2.
403 2554 484 2619 Nam
500 2553 602 2616 omnis
618 2551 687 2616 usia
1079 2554 1177 2619 Velut
1163 2560 1267 2618 trusa
1281 2553 1436 2618 decorans
1451 2572 1488 2634 s
1490 2553 1588 2630 ineta,

401 2637 493 2702 Hanc
509 2635 626 2700 Christi
642 2636 827 2716 genitricem
843 2637 894 2702 die
914 2637 976 2702 ista
1078 2638 1130 2704 Sic
1145 2638 1229 2720 quod
1245 2637 1354 2703 laedat
1368 2635 1413 2701 nil
1427 2636 1526 2703 habet
1538 2635 1653 2702 Maria.

403 2718 588 2801 congaudet
603 2725 754 2798 exortam,

402 2805 463 2870 Per
478 2822 573 2886 quam
588 2803 649 2869 7777
667 2804 826 2869 sublatam
1023 2812 1050 2870 7.
1080 2806 1211 2887 Ourgo
1226 2803 1304 2885 sola
1320 2811 1423 2870 maer
1437 2810 1536 2883 77777,

403 2889 496 2973 Capit
512 2888 619 2954 vitam.
1077 2890 1196 2956 Nostra
1208 2889 1437 2956 criminasulve
1450 2888 1530 2953 dans
1541 2907 1653 2971 regna,

348 2978 378 3042 3.
404 2973 557 3041 Dauidica
573 2973 672 3054 stirpe
689 2978 769 3052 sata,
1078 2974 1147 3051 Quo
1163 2976 1259 3041 beata
1274 2981 1410 3055 regnant
1424 2974 1560 3053 agmina.

403 3057 535 3126 Davidis
551 3056 592 3121 ad
607 3064 734 3139 sceptra
1077 3056 1652 3141 Potesenimeunatautcoeliregina,

402 3144 446 3209 Es
461 3142 601 3225 gerenda
615 3142 705 3221 prole
721 3139 921 3207 foecundata.
1077 3141 1119 3207 Et
1132 3144 1205 3207 iura
1219 3160 1290 3206 cum
1306 3150 1383 3208 nato
1398 3142 1503 3207 omnia

404 3228 471 3293 Nec
486 3225 654 3308 gravidata
668 3227 791 3292 viscera
1076 3226 1239 3306 Daturum,
1255 3227 1288 3291 in
1303 3227 1411 3292 777717
1424 3236 1457 3292 77
1472 3227 1558 3294 ultra

403 3313 485 3379 Sunt
501 3321 607 3376 tamen
622 3328 679 3390 per
695 3310 760 3375 77177
1078 3308 1218 3376 Subnixa
1234 3328 1269 3375 es
1284 3311 1316 3375 in
1332 3312 1443 3393 gloria.

403 3395 507 3460 Patris
521 3396 673 3473 membra,

403 3478 467 3544 Sed
482 3496 520 3544 ex
534 3477 596 3543 fide
611 3478 689 3542 7777.
1021 3483 1050 3543 8.
1077 3478 1237 3543 Cherubin
1284 3479 1386 3544 717777
1430 3478 1650 3562 Seraphinque

348 3575 375 3633 4.
403 3563 452 3628 Ab
467 3578 539 3628 aree
555 3579 680 3626 summa
1098 3562 1260 3644 agmina,

404 3647 544 3729 Angelus
559 3650 660 3711 astat:
632 3643 797 3718 tMaria‚
1077 3645 1158 3711 Nam
1183 3646 1272 3712 iuxta
1296 3643 1395 3711 titium
1423 3648 1527 3730 posita
1556 3647 1650 3715 sedes

402 3731 520 3813 Inquit,
536 3730 629 3806 alma,
645 3745 703 3792 ave
718 3726 814 3809 plena
827 3728 942 3810 gratia,
1120 3730 1153 3795 in
1167 3730 1310 3810 dextera,

403 3817 503 3882 67777
518 3823 550 3879 77
566 3812 734 3879 benedicta
1078 3814 1227 3880 7777777777
1242 3815 1491 3897 7777771777777
1506 3817 1651 3897 7777777,

402 3899 549 3965 Feminas
564 3897 649 3962 inter
663 3912 783 3972 77777777,
789 3896 945 3991 'paritura
1079 3897 1239 3965 Nativitas
1254 3898 1339 3963 unde
1354 3898 1473 3980 gaudia

403 3983 534 4064 Regem,
550 3999 603 4078 qur
596 3980 689 4045 dira
700 3987 785 4047 mort
786 3980 814 4044 is
771 3979 956 4044 avincula
1078 3981 1178 4047 Nubis
1192 3981 1288 4047 hodie
1303 3982 1427 4047 confert
1441 4001 1547 4049 annua
1652 3991 1659 4010 “

403 4064 585 4145 0777777777,
602 4065 683 4130 mira
698 4082 768 4129 cum
783 4083 823 4145 pu
825 4063 927 4128 tentia
1078 4065 1122 4131 Et
1137 4074 1267 4131 resonat
1281 4065 1449 4132 Gainounia
1465 4068 1539 4132 aula

405 4150 504 4217 Suum
515 4150 636 4232 plasma
647 4149 773 4213 solvens
782 4152 895 4229 sponte
907 4165 976 4227 sua,
1079 4149 1116 4214 In
1130 4149 1255 4215 laudet
1241 4157 1306 4231 tua,
1323 4152 1412 4233 virgo
1428 4150 1540 4217 Maria.

404 4238 447 4300 At
433 4241 509 4316 tque
526 4235 600 4298 beat
601 4251 621 4296 a
586 4233 756 4298 dtonans
773 4233 848 4299 vita.

349 4320 457 4386 5777
472 4338 544 4383 mur
558 4316 666 4399 puella
681 4316 787 4382 verbis
802 4313 941 4395 credula,
1023 4322 1053 4382 9.
1079 4315 1206 4382 Gaudet
1236 4334 1293 4399 per
1321 4317 1450 4384 elimata
1478 4318 1564 4384 orbis
1599 4336 1652 4384 ec·

404 4404 446 4470 Se
462 4420 652 4487 puerperam
1123 4400 1221 4466 777777

405 4488 521 4571 Stupet
535 4501 568 4553 et
583 4490 714 4564 castam
1083 4484 1198 4551 0777777
1212 4483 1359 4550 7717777777

403 4571 522 4639 Natum
546 4577 688 4653 gestam,
715 4567 892 4650 speciosum
912 4564 977 4630 for·
1080 4567 1173 4646 Quod
1200 4575 1233 4634 77
1261 4568 1357 4649 palat
1348 4589 1381 4634 ra
1408 4570 1488 4636 77777
1512 4570 1653 4636 clamant

404 4674 580 4822 aeffssnten
595 4744 710 4804 cuncta
723 4736 811 4803 orbis
827 4753 935 4816 regna.
1081 4652 1211 4819 Usulffgt
1202 4671 1316 4803 17711777777
1332 4738 1509 4821 praeconia

421 4837 518 4892 Text.
555 4836 644 4892 Morel
664 4836 716 4891 No.
737 4837 796 4890 126.
824 4833 851 4888 S.
872 4836 914 4888 79.
933 4848 1002 4887 aaa:
1027 4831 1137 4891 117777
1161 4833 1654 4913 79707777777717.576(Βτ77777177)

349 4908 398 4970 Bt.
415 4914 477 4972 171
495 4911 547 4974 77777
565 4910 616 4968 der
633 4906 813 4980 7777777777
831 4904 981 4977 Sequentia
998 4906 1122 4976 antiqua⁸
