3975 5800
872 592 1105 655 -133-

790 774 861 836 ass.
906 769 1038 836 emata
1059 769 1199 836 naue.
1257 735 1264 749 '

345 915 372 973 l.
398 903 510 971 Gaude
526 906 627 986 virgo,
643 912 746 971 mater
761 904 890 985 Christi,
1017 908 1046 970 3.
1074 903 1187 971 Gaude
1202 902 1329 970 Christo
1343 908 1534 985 resurgente

397 990 487 1067 Quae
502 1008 683 1073 perennem
699 990 871 1073 ceneepisti
1073 989 1116 1054 Et
1130 989 1172 1054 ad
1188 987 1294 1055 eoelos
1309 986 1515 1067 ascendente,

398 1074 538 1140 Gabrieli
554 1074 681 1139 nuntio:
1072 1073 1164 1139 Motu
1179 1072 1282 1139 fertur
1296 1072 1440 1156 proprie:

398 1158 521 1237 Gaude,
537 1159 693 1239 qniaDeo
710 1160 802 1240 plens
1073 1158 1185 1223 Gaude
1201 1158 1401 1239 uirgoqnam
1415 1155 1557 1222 commin

398 1243 553 1325 Peperisti
570 1244 638 1307 siue
654 1260 757 1324 poena
1073 1240 1181 1307 Serus
1197 1242 1273 1322 suis,
1289 1240 1406 1323 quibus
1418 1240 1510 1306 misit

400 1326 718 1408 Gnmpudurislilin.
1073 1324 1550 1408 Puraclitum,quempromisit

1072 1411 1260 1476 Sanctorum
1276 1408 1417 1491 collegio.

344 1501 372 1564 2.
399 1496 521 1569 Gaude,
537 1495 811 1578 quiemegidona
1018 1495 1047 1553 4.
1073 1494 1196 1573 Gaude,
1211 1512 1295 1576 quae
1308 1500 1382 1577 post
1395 1493 1557 1576 ipsumses

398 1580 557 1647 Tuuneto
574 1579 789 1657 leruntboua,
1073 1577 1115 1643 Et
1129 1584 1180 1644 est
1193 1578 1296 1644 honor
1309 1578 1369 1644 tibi
1384 1576 1521 1660 grandIs

400 1664 501 1743 Quem
517 1671 607 1731 tenes
622 1665 654 1730 in
669 1664 805 1745 gremio:
1072 1662 1355 1744 Incoelipsletio:

400 1751 520 1829 Gaude,
535 1749 613 1833 queis
626 1750 673 1814 tui
690 1749 767 1827 nati,
1072 1746 1136 1814 Ubi
1151 1745 1274 1814 fructus
1289 1747 1408 1813 uentris
1423 1746 1473 1812 tui

400 1832 502 1911 Quem
516 1834 666 1913 gemebas
681 1838 814 1898 mortem
831 1831 908 1915 pati,
1073 1830 1134 1898 Per
1147 1838 1181 1898 te
1196 1833 1291 1898 detur
1304 1831 1395 1897 nobis
1409 1828 1474 1895 frui

398 1918 512 2000 Fulget
527 1918 729 1984 resurrectio.
1072 1917 1110 1983 In
1125 1916 1278 2000 perhenni
1293 1915 1421 1997 gaudio.

413 2044 439 2081 a.
458 2028 550 2081 Text.
587 2026 676 2082 llorel
696 2027 749 2081 Ne.
770 2028 829 2081 181.
848 2025 876 2079 8.
896 2028 957 2078 115.
976 2041 1045 2080 aus:
1070 2025 1122 2078 Hs.
1147 2026 1179 2079 in
1206 2025 1369 2086 Elusiedelu
1395 2025 1449 2080 No.
1469 2025 1532 2077 648.

343 2103 385 2153 15.
403 2098 504 2154 Jalrl.
523 2100 579 2169 (A).
599 2130 633 2139 —
651 2099 734 2153 lllnue
752 2098 805 2151 ll'o.
824 2100 877 2152 454
896 2099 933 2165 (2,
954 2099 1025 2165 162.)
1045 2114 1113 2151 uus.-
1131 2095 1387 2151 Ret'clteuauarHs.
1407 2097 1460 2150 n'o.
1472 2092 1556 2150 36.B

343 2169 574 2241 Perqameut-Hs.
594 2171 642 2225 des
662 2173 703 2224 15.
717 2169 819 2224 Jaurh.
838 2185 875 2223 su
893 2166 1006 2235 Ldeceu,
1031 2170 1077 2222 die
1095 2169 1178 2223 Illone
1203 2186 1257 2223 nur
1281 2185 1325 2223 an
1344 2169 1464 2237 Ausuuq
1482 2166 1556 2235 serui

342 2243 426 2298 lione
448 2244 535 2311 sitlrt
560 2244 632 2296 uocls
659 2243 748 2311 eius'qe
776 2241 879 2295 audere
906 2240 1131 2307 Huredselsrtfteu
1161 2258 1208 2308 an,
1236 2241 1265 2294 iu
1293 2240 1413 2295 walchen
1431 2240 1486 2293 das
1505 2236 1556 2292 Ia'e

340 2319 488 2385 ¹urdeeereu
507 2315 574 2368 oder
591 2313 732 2369 kleiueren
751 2312 975 2384 Abweiclmnqen
994 2312 1076 2368 stelit.

413 2402 439 2455 b.
458 2401 636 2456 Lesarten
655 2418 708 2455 uus
727 2401 819 2455 illone.
857 2404 884 2467 2,
903 2402 928 2454 5.
949 2400 1069 2456 dolebas.
1106 2431 1140 2441 -
1177 2405 1202 2456 3.
1220 2400 1317 2456 Gaude
1335 2400 1399 2456 Chr.
1418 2399 1556 2455 ascenden

343 2474 458 2541 eoelum,
479 2474 571 2542 quite
590 2472 700 2527 uidente
719 2473 757 2526 M.
776 2472 795 2527 I.
814 2489 840 2541 p.
877 2472 974 2527 Gaude
999 2471 1110 2527 damnus
1133 2473 1317 2528 descendente
1340 2472 1462 2542 Spiritus
1493 2486 1556 2528 sant

343 2552 426 2615 pente
446 2547 488 2599 De
507 2545 621 2601 coelesti
641 2545 720 2600 solio.
740 2575 773 2585 -
792 2547 819 2613 4,
841 2549 863 2599 l.
882 2561 909 2613 p.
929 2543 1070 2599 Christum
1089 2559 1127 2598 se.

414 2648 435 2685 c.
455 2631 608 2686 Bemerd.
646 2630 710 2686 Das
736 2630 868 2700 Ortyinal
890 2646 927 2685 tu
949 2630 1041 2684 dieser
1064 2631 1124 2685 und
1148 2630 1199 2684 deu
1219 2629 1402 2701 5folyeuden
1420 2628 1556 2698 Sequente

343 2702 388 2756 die
407 2706 517 2757 Corone
536 2703 642 2757 Mariae
671 2719 723 2756 sou
752 2703 948 2758 Beneventum
976 2701 1038 2771 (Op.
1058 2702 1101 2756 ed.
1120 2701 1219 2756 Venet.
1239 2702 1315 2756 XIII.
1339 2718 1365 2770 p.
1384 2703 1465 2771 sle).
1503 2732 1540 2743 -

337 2776 413 2843 frete
443 2775 647 2845 Uederseteunq
672 2775 720 2828 dee
746 2775 842 2828 luteis.
872 2772 1020 2828 Gedchtes
1047 2776 1078 2827 iu
1105 2774 1289 2829 Nekateni
1316 2773 1487 2827 Psalmetunn
1518 2789 1555 2829 cn

344 2846 438 2903 colon.
460 2850 536 2903 1700.
556 2848 584 2901 st
603 2849 657 2901 eso
669 2847 695 2915 s.
713 2846 774 2918 qius
793 2845 938 2902 eenloue
956 2844 978 2916 1,
1002 2844 1031 2901 s.
1049 2848 1111 2900 sos.

893 3009 1091 3018 ..a-*0*—

642 3128 713 3191 240.
760 3123 893 3192 Gaudia
916 3124 1079 3190 terrestria
1101 3122 1128 3187 d.
1152 3143 1180 3188 v.
1204 3121 1343 3189 Mariae.

347 3260 372 3320 l.
400 3254 512 3321 Gaude
527 3257 627 3339 virgo,
643 3262 745 3324 mater
760 3257 888 3340 Christi,
1073 3257 1184 3325 Gaude
1200 3256 1328 3323 Christo
1343 3254 1548 3335 ascendente,

399 3341 487 3429 Quae
501 3359 560 3422 per
574 3362 683 3408 aurem
698 3344 869 3426 concepisti
1071 3341 1133 3420 Qui
1148 3342 1189 3409 ed
1204 3340 1498 3407 coelestevidente

398 3426 550 3490 (Iabriele
565 3427 692 3492 nuntio:
1071 3427 1162 3493 Metu
1178 3425 1281 3492 fertur
1295 3425 1434 3508 propdo.

398 3510 520 3587 Gaude,
535 3511 626 3589 prole
640 3528 723 3592 quae
737 3509 874 3579 fecunde

399 3593 577 3658 Ascendisti
593 3596 625 3659 in
641 3603 792 3661 morumne

398 3677 510 3742 Curius
525 3695 596 3742 cum
612 3680 761 3761 tripudiu.
1015 3687 1044 3746 4.
1070 3680 1193 3759 Gaude,
1230 3680 1285 3746 nis
1299 3679 1473 3761 paraclitus

342 3764 371 3824 2.
397 3761 519 3858 Gaude,
535 3764 611 3858 qnia
623 3763 691 3828 Deo
707 3764 801 3846 plena
1071 3766 1191 3831 Missus
1206 3698 1267 3830 fluit
1281 3763 1433 3829 divinitus

397 3845 554 3934 Peperrstu
569 3848 636 3913 sine
652 3865 755 3928 poena
1070 3849 1107 3913 ln
1123 3855 1179 3914 tuo
1194 3849 1342 3929 collegio:

397 3930 476 3993 Guun
491 3929 623 4011 pudoris
638 3930 720 3996 lilio:
1071 3932 1203 4011 Gaude,
1246 3950 1328 4015 quae
1370 3937 1445 4013 post
1480 3929 1555 3995 curi

397 4012 519 4094 Gaude,
535 4015 611 4094 quie
624 4017 752 4097 regibus
1116 4016 1252 4095 scandis,

398 4099 478 4163 Cum
493 4099 559 4164 suis
574 4101 760 4166 muneribus
1070 4101 1113 4165 Et
1128 4106 1178 4166 est
1192 4101 1293 4166 honor
1307 4099 1365 4167 tibi
1381 4101 1512 4182 grandis

397 4183 476 4248 Visa
491 4200 525 4247 es
540 4200 610 4248 euin
626 4183 701 4249 filio.
1070 4185 1107 4249 ln
1124 4185 1203 4251 coeli
1218 4186 1354 4267 palatio:

342 4271 372 4330 3.
398 4266 521 4347 Gaude,
540 4268 615 4348 quie
628 4268 675 4333 tui
691 4270 768 4348 usti,
1070 4269 1120 4335 Ibi
1136 4268 1260 4335 fructus
1275 4269 1393 4335 ventris
1408 4271 1456 4335 tui

398 4354 498 4428 durem
514 4352 645 4418 dolebas
660 4358 794 4418 mortem
808 4351 876 4434 peti
1071 4352 1134 4417 Per
1147 4361 1180 4420 te
1195 4355 1287 4420 nobis
1302 4353 1396 4419 detur
1411 4352 1474 4418 irei

397 4437 512 4517 Fulget
526 4439 733 4503 resurrectio:
1072 4437 1109 4503 lu
1124 4439 1253 4520 perenni
1272 4439 1400 4520 gaudie.

342 4619 377 4673 15
404 4543 507 4674 JYea't.
545 4545 628 4600 Mene
655 4544 780 4600 doaso
805 4543 932 4616 (2172.)
961 4560 1028 4599 aus:
1066 4545 1118 4600 lle.
1143 4564 1180 4602 su
1199 4546 1348 4616 Miiuelseu,
1376 4548 1443 4603 Glm.
1464 4549 1541 4603 4432.

380 4659 384 4673 .
425 4633 505 4674 utre
