3975 5800
868 612 1100 678 -242-

341 800 369 864 2.
395 795 789 880 Primaparensperdidit
1017 807 1046 868 3.
1071 796 1407 866 Natusantesaeoula

396 880 465 945 Ista
479 880 578 946 vitam
592 881 733 948 reddidit
1071 882 1388 966 Sinemariscopula

396 964 497 1045 Virgo
512 982 613 1030 sacre.
1071 968 1119 1032 Ex
1135 973 1168 1032 te
1182 968 1302 1050 prodiit
1317 967 1444 1033 femina.

396 1049 459 1112 Per
475 1049 575 1113 Evam
590 1067 671 1131 quoe
686 1052 782 1133 periit
1071 1053 1158 1132 Ergo
1173 1052 1389 1117 modulamina

397 1133 458 1196 Per
473 1133 609 1198 Mariam
625 1134 721 1201 rediit
1073 1136 1156 1201 nudi
1171 1135 1307 1202 clemens
1322 1134 1460 1201 Domina

397 1216 510 1282 Mundi
525 1218 601 1283 vita.
1072 1219 1191 1286 Nostra
1204 1220 1317 1285 laxans
1331 1220 1473 1296 erimina,

1074 1303 1119 1370 Ut
1134 1309 1207 1387 post
1220 1305 1335 1370 mortis
1350 1303 1460 1370 debita

1072 1389 1195 1468 iugiter
1208 1389 1240 1453 in
1256 1388 1359 1470 gloria

1072 1473 1246 1539 iubilemus
1260 1473 1401 1538 alleluia.

414 1578 510 1634 Tea-t.
546 1581 625 1635 Miss.
645 1579 723 1635 fratr.
743 1582 832 1636 Paris.
853 1587 929 1637 1520.

703 1828 773 1889 334.
818 1823 870 1888 De
891 1823 984 1889 heato
1006 1825 1123 1891 Murio
1145 1824 1274 1905 virgine.

346 1961 373 2017 l.
397 1955 423 2019 Ο
439 1954 535 2020 decus
550 1957 669 2035 mundi,
685 1958 796 2037 Maris,
812 1960 948 2040 genitrix
963 1959 1033 2034 Dei,

344 2044 373 2101 2.
398 2039 462 2104 Nos
491 2058 563 2106 reos
593 2043 632 2106 ad
662 2046 695 2107 to
725 2044 897 2108 clamantes
926 2042 976 2108 iao
1014 2044 1151 2108 clemens
1180 2043 1300 2108 ermetis
1329 2061 1385 2107 nos
1413 2061 1433 2107 a
1464 2040 1650 2106 criminibus

495 2126 669 2204 emundari,

345 2214 373 2272 3.
397 2207 441 2272 Ut
457 2226 528 2272 oum
543 2215 598 2275 tuo
614 2210 699 2277 dulei
715 2216 789 2276 noto
804 2230 928 2293 semper
942 2230 1112 2291 regnemus
1126 2212 1159 2276 in
1174 2211 1313 2276 excelsis.

415 2333 440 2368 a.
459 2315 553 2372 Text.
591 2319 742 2388 Schuhiger
760 2320 812 2373 No.
832 2324 874 2375 51.
894 2336 910 2374 o
929 2319 993 2373 Cod.
1014 2319 1132 2373 Eiusidl.
1152 2321 1198 2373 Fr.
1221 2325 1243 2373 1.
1262 2322 1334 2388 (366.
1354 2317 1529 2387 11111111).

415 2404 440 2457 1.
460 2403 620 2459 Benterls.
658 2407 733 2475 „Die
752 2407 825 2461 Zohl
844 2408 893 2460 der
902 2407 1072 2474 Sequanam,
1091 2409 1122 2459 in
1142 2408 1227 2460 denen
1239 2406 1437 2461 diedielodien
1448 2406 1527 2461 nunt
1536 2405 1652 2459 wieder·

344 2475 404 2527 holt
423 2476 540 2541 werden,
560 2478 598 2530 ist
616 2478 680 2531 sehr
697 2481 805 2549 perirrq,
825 2480 883 2532 und
901 2478 956 2533 alle
974 2478 1064 2531 huden
1085 2480 1166 2532 cireen
1181 2480 1314 2549 peringen
1335 2477 1465 2548 Umfonq,
1493 2492 1526 2532 so
1551 2474 1607 2530 Nr.
1626 2478 1651 2529 6.

344 2549 405 2600 109.
424 2550 506 2600 1213(
541 2548 660 2603 Bartsch
677 2549 706 2603 S.
725 2553 769 2604 22.
863 2571 879 2612 ο

892 2691 1091 2698 ——-..-.-

680 2808 750 2870 335.
795 2803 836 2867 In
850 2807 936 2888 festo
959 2807 1099 2869 moenium
1121 2810 1311 2869 soncior-um.

762 2922 879 2991 (Auctor
898 2929 941 2978 est
958 2922 1069 2978 Notker
1087 2921 1239 2988 Balbulus.)

369 3040 396 3103 1.
420 3035 537 3099 Omnes
553 3035 655 3100 sancti
671 3031 847 3116 Seraphim,
864 3031 1044 3112 Cherubim,

367 3124 395 3185 2.
418 3116 537 3184 Throni
552 3135 679 3201 quoque
694 3117 1010 3199 Dominationesque,

366 3210 396 3269 3.
419 3202 631 3283 principatus,
647 3202 839 3282 Potestates,
856 3202 1012 3279 Virtutes,

366 3293 396 3353 4.
420 3286 620 3367 Archangeli,
635 3283 759 3368 Angeli,
775 3304 832 3352 vos
846 3286 938 3351 decet
952 3285 1023 3351 laus
1038 3287 1070 3349 et
1085 3283 1229 3349 honores.

368 3377 397 3436 5.
420 3370 557 3436 Ordines
572 3372 688 3435 noveni
703 3371 872 3452 spirituum
888 3371 1066 3445 beatorum,

367 3459 396 3520 6.
420 3455 506 3529 Quos
522 3456 554 3518 in
570 3455 629 3519 Dei
645 3454 795 3520 laudibus
810 3453 948 3519 firmavit
963 3454 1091 3519 caritas

367 3546 396 3605 7.
418 3540 485 3604 Nos
500 3538 631 3620 fragiles
646 3539 790 3603 homines
805 3538 930 3602 firmate
944 3537 1104 3618 precibus.

366 3629 395 3687 8.
419 3622 465 3687 Ut
479 3622 638 3703 spiritales
652 3622 829 3703 pravitates
844 3627 952 3687 vestro
967 3620 1127 3686 iuvamine
1142 3620 1302 3683 vincentes
1317 3615 1454 3695 sortiter,
1532 3698 1539 3712 ι

365 3712 393 3772 9.
416 3708 508 3772 Nune
522 3713 555 3771 et
569 3707 601 3769 in
618 3724 729 3770 aevum
745 3706 861 3771 vestris
877 3705 976 3771 simus
992 3704 1080 3784 digni
1096 3702 1270 3770 sollemniis
1285 3702 1442 3766 interesse
1457 3716 1569 3765 sacris.

347 3797 393 3856 10.
416 3792 482 3856 Vos
497 3808 576 3870 quos
592 3789 651 3854 Dei
668 3791 773 3869 gratia
788 3791 914 3854 vincere
931 3797 1038 3855 terrea

348 3882 396 3939 11.
419 3875 462 3940 Et
477 3874 599 3955 angelis
615 3875 717 3938 socios
733 3872 808 3938 lecit
823 3892 894 3939 esse
908 3874 993 3955 polo.
1637 3950 1644 3964 ι

348 3965 396 4023 12.
418 3961 484 4023 Vos
500 3957 709 4053 patriarchae,
725 3957 908 4039 prophetae,
924 3958 1070 4040 apostoli,
1086 3955 1291 4034 confessores,
1311 3959 1479 4035 martyres,
1495 3949 1656 4030 monaehi,

495 4059 633 4121 virgines
1132 4059 1138 4069 ·

349 4131 395 4190 13.
419 4126 462 4188 Et
487 4125 654 4274 udduarum
681 4132 863 4190 sanctarum
890 4125 1093 4205 omniumque
1119 4124 1311 4205 placentium
1343 4119 1478 4203 populus
1504 4136 1656 4201 supremo

520 4227 635 4274 ommo.

232 4348 236 4370 ,
348 4299 397 4359 14.
421 4294 486 4358 Nos
502 4294 696 4358 adiutorium
711 4311 794 4358 nuno
809 4299 842 4360 et
856 4295 1039 4375 perenniter
1054 4291 1169 4369 ioveat,
1184 4296 1342 4374 protegat,
1358 4296 1394 4355 ut
1408 4295 1563 4355 vestmm.

350 4384 396 4442 15.
418 4378 456 4443 ln
473 4378 525 4443 die
540 4380 700 4461 poscimus
716 4380 905 4459 gaudiorum
920 4383 1110 4443 vostrorum.

418 4505 443 4543 a.
462 4486 556 4541 Text.
594 4487 746 4556 Sehubigor
774 4488 827 4542 No.
847 4490 889 4541 32.
918 4486 1018 4542 eCod.
1037 4484 1154 4540 Eiusidl.
1174 4488 1209 4540 36
1237 4484 1291 4552 (Α).
1328 4480 1428 4537 Daniel
1455 4480 1491 4549 11,
1518 4483 1563 4537 26.
1592 4481 1655 4534 384.

348 4560 397 4624 111,
418 4564 478 4614 287.
500 4575 514 4612 e
534 4558 702 4613 (loddldou.
724 4564 747 4613 5.
768 4574 838 4613 saec.
859 4557 906 4611 XI.
922 4557 974 4627 (B),
994 4550 1654 4625 11111111.(1101117112111111111),

349 4635 373 4684 5.
395 4647 466 4686 saec.
487 4630 620 4699 1111111).
658 4631 749 4685 Berol.
771 4634 794 4683 1.
813 4645 884 4686 saec.
903 4630 951 4683 Xl.
971 4629 1024 4698 (1).
1055 4659 1087 4667 -
1117 4628 1181 4682 Cod.
1201 4626 1393 4681 Wirzenborn.
1413 4636 1484 4677 saec.
1503 4622 1579 4677 xlv.
1598 4622 1654 4691 (G.

348 4702 428 4756 Text.
449 4718 505 4770 seq.
525 4703 581 4768 (Η).
619 4705 680 4770 Soq.
700 4703 768 4756 Dav.
791 4705 859 4755 1495
879 4701 920 4768 (1).
941 4731 973 4739 -
993 4700 1072 4755 Miss.
1092 4699 1187 4754 Colon.
1208 4701 1277 4752 1504
1295 4697 1350 4766 (Κ),
1368 4696 1494 4764 hloguut.
1509 4696 1579 4749 1507
1600 4692 1654 4761 (1,),

346 4772 516 4829 Halherstat.
538 4778 603 4830 1511
626 4774 685 4843 (Μ),
704 4774 825 4828 Mindon.
848 4776 915 4828 1513
935 4772 991 4841 (Ν).
1021 4802 1052 4810 -
1082 4770 1254 4838 Adelphos
1274 4769 1326 4838 (Ο).
1364 4764 1653 4834 cliehtov.1v,222.

348 4845 399 4914 (Ρ).
438 4845 564 4898 Torrent.
584 4845 637 4914 (Q).
675 4875 707 4884 —
744 4844 947 4911 Wackernagel
967 4844 988 4909 I,
1008 4845 1051 4896 99.
1071 4859 1137 4895 aens:
1164 4841 1241 4895 Miss.
1262 4840 1383 4894 Lubeek.
1404 4837 1470 4892 hold
1488 4834 1653 4891 11111480

347 4916 402 4984 (R),
421 4916 494 4985 Mog.
516 4919 584 4969 1497
604 4917 652 4984 (ὃ),
671 4916 823 4984 Numhnrg.
844 4919 920 4971 1501.
942 4918 1011 4969 1517
1030 4912 1083 4983 (Τ).
1120 4912 1252 4967 Clichtov.
1265 4915 1333 4966 1515
1353 4909 1408 4981 (11).
1429 4941 1460 4952 -
1481 4907 1562 4964 sote
1579 4905 1654 4962 auch

337 4990 386 5068 ,im
406 4988 471 5043 cod.
491 4989 517 5043 S.
537 4987 679 5042 (1111546
699 4987 853 5057 (Brunder).
1430 4988 1435 4999 '
