3975 5800
874 573 917 589 -
958 543 1020 607 432
1061 575 1105 590 ·-

714 726 784 792 633.
826 724 879 790 Dc
899 742 924 787 s.
948 721 1135 787 Leoolvordo
1157 719 1274 787 nouae.

345 836 433 904 (Seleu
452 838 526 891 eines
539 838 726 906 srdnln'ecbeo
745 839 926 909 Eclelmuune,
953 842 1040 894 stand
1069 857 1115 893 om
1140 839 1217 908 Hose
1242 837 1401 910 Chlodroc'ge
1419 839 1441 894 1.
1467 840 1500 894 ἐκ
1522 855 1617 911 prosse

345 909 483 971 Acoeten,
503 912 581 965 slorb
602 912 645 965 uls
664 913 720 965 Aoo
739 913 786 966 dea
805 911 936 967 Klostero
949 911 1064 966 Noblub
1083 928 1128 966 om
1147 915 1172 965 6.
1183 909 1255 966 Noe.
1265 915 1328 976 559,
1346 912 1456 966 oerebrt
1466 928 1514 967 oue
1525 915 1551 966 6.
1559 910 1617 967 Nor

348 1041 373 1098 l.
400 1031 596 1096 Veneremur
1019 1038 1048 1098 4.
1076 1032 1122 1099 Ut
1136 1031 1228 1097 miles
1243 1032 1393 1114 egregius

400 1117 469 1180 Hac
486 1118 536 1180 dic
553 1117 684 1181 solemni
1073 1118 1110 1182 ln
1125 1116 1188 1181 fide
1202 1134 1265 1181 non
1281 1116 1397 1184 dubius

401 1200 553 1264 Sanctum
568 1200 798 1266 Lcoulrmdum.
1074 1200 1289 1265 Praedieevit:

400 1285 613 1363 PostulanleS,
630 1304 687 1365 pro
704 1288 795 1352 nobis
1074 1285 1205 1351 (linctus
1221 1284 1319 1349 armis
1333 1281 1407 1349 fidei

403 1367 644 1451 lfitiuterpellut
1074 1369 1221 1433 Viriliter
1236 1366 1387 1433 arvaDei

401 1452 518 1531 Regem
536 1472 655 1534 regum.
1073 1452 1257 1519 seminavit.

1018 1537 1046 1596 5.
1073 1538 1180 1603 Mores
1194 1536 1316 1601 habens
1331 1535 1479 1615 humiles,

346 1628 374 1686 2.
402 1619 499 1684 (irtus
515 1638 552 1682 ex
569 1621 754 1701 parentibus
1074 1622 1214 1687 Visitare
1229 1619 1364 1698 debiles,

401 1703 691 1769 Extititnolrilibns
1072 1706 1226 1770 Revisere
1241 1721 1386 1769 carceres

402 1788 459 1851 Vir·
475 1789 672 1869 praeclarus:
1073 1791 1242 1870 Nunquam
1258 1788 1387 1854 tardus:

401 1872 553 1935 Saurrctnnr
568 1890 703 1953 sentiens
718 1874 896 1954 Remigium
1073 1875 1184 1939 Coccis
1199 1873 1302 1937 visum
1318 1869 1469 1952 reddidit,

401 1956 510 2019 Mundi
526 1959 646 2038 sprevit
660 1956 835 2037 fastigium,
1074 1958 1173 2024 Mutis
1188 1975 1297 2022 vocem
1313 1956 1436 2034 tribuit,

402 2039 529 2104 Christo
545 2041 670 2105 charus.
1072 2041 1359 2108 Carceratoscruit

1073 2125 1290 2191 Leouhurdus.

346 2215 373 2273 3.
401 2206 461 2282 Qui
478 2207 644 2272 contenuit
660 2209 736 2273 vilia
1018 2205 1045 2264 6·
1072 2210 1261 2276 Confractor
1279 2226 1451 2288 carcerum,

397 2292 501 2355 Huius
518 2292 602 2355 vitoe
617 2293 736 2372 gaudia
1073 2295 1135 2359 Pro
1151 2292 1242 2359 nobis
1257 2293 1421 2357 dominum

402 2375 441 2438 llt
457 2376 625 2439 honorem:
1072 2377 1221 2459 Digneris
1236 2394 1328 2440 orare
1344 2394 1537 2458 supremum.

399 2460 509 2524 Mundi
526 2458 641 2523 scurnum
661 2462 771 2539 noluit,
1073 2461 1117 2526 Te
1130 2468 1276 2527 sanctum
1288 2461 1444 2540 novimus,

399 2541 444 2606 llt
459 2562 650 2624 quaeramus
666 2547 789 2610 monuit
1072 2545 1120 2609 Tu
1135 2546 1238 2622 nobis,
1252 2546 1404 2626 petimus

400 2627 574 2690 Meliorem.
1072 2630 1170 2696 Posce
1186 2630 1309 2694 veniam
1325 2627 1553 2710 peccaminum.

413 2733 505 2788 Tect.
542 2736 631 2789 Morel
650 2737 702 2791 No.
721 2741 782 2791 471.
801 2736 829 2791 S.
848 2741 901 2791 266
920 2756 987 2793 aree:
1015 2738 1068 2793 Ha.
1098 2756 1135 2794 zu
1164 2738 1204 2792 St.
1224 2737 1325 2792 Galles
1351 2738 1404 2794 No.
1424 2738 1479 2793 546
1498 2734 1617 2806 (Brande

341 2803 389 2857 Bl.
408 2809 470 2859 202.
507 2805 565 2860 Die
582 2808 663 2861 telate
680 2807 801 2876 Stroplre
818 2811 925 2864 ocleelnt
943 2816 1073 2878 epdterer
1091 2809 1206 2865 Zuootr.
1243 2809 1343 2864 Morel.

897 2975 1090 2983 ——-—-—-·---

785 3096 856 3156 534.
899 3091 951 3156 De
971 3111 997 3155 e.
1021 3091 1216 3157 Leo-nlmrclo.

344 3227 380 3290 In
397 3226 490 3290 lurido
506 3225 625 3293 Christi
641 3226 806 3308 congaude
821 3232 950 3294 caterva
965 3228 1139 3293 christiana
1154 3228 1186 3292 iu
1202 3226 1382 3292 Leonhardi
1397 3224 1482 3291 festo
1497 3230 1553 3290 etc.

416 3333 510 3388 Text.
547 3335 652 3389 Diescu
671 3337 788 3406 Anfoup
806 3338 856 3390 but
874 3337 976 3391 Daniel
995 3336 1029 3405 V,
1050 3340 1100 3390 117
1119 3351 1135 3388 e
1154 3335 1219 3391 Cod.
1230 3337 1256 3390 S.
1268 3334 1339 3390 Gall.
1354 3335 1407 3389 No.
1417 3338 1471 3391 546
1490 3327 1616 3401 (Branderl

787 3597 857 3658 635.
900 3592 953 3658 Dc
974 3614 1000 3659 e.
1023 3593 1200 3660 Leoourdo.

350 3733 375 3790 l.
401 3727 437 3790 In
454 3729 599 3808 supernis
615 3726 793 3791 resonando
1073 3728 1170 3792 dotas
1185 3726 1245 3790 hoc
1260 3743 1322 3790 non
1338 3722 1437 3788 habet
1451 3741 1563 3806 parem,

400 3810 572 3874 iubilemus
587 3810 698 3874 laudes
714 3810 819 3875 dando
1071 3811 1195 3886 Quibus
1210 3811 1298 3874 illum
1316 3825 1531 3888 compararem

399 3895 478 3972 Regi
496 3893 597 3957 ‹luleis
613 3895 749 3973 gloriae:
1071 3896 1162 3961 lliiris
1177 3893 1209 3958 iu
1225 3891 1395 3957 miraculis.

399 3976 459 4052 Qui
477 3978 606 4042 beatum
621 3977 833 4059 Leouardum,
1015 3986 1044 4044 4.
1071 3979 1151 4044 Nom
1167 3978 1298 4058 reginae
1312 3975 1473 4041 laboranti

399 4061 573 4126 Libertatis
588 4061 691 4125 almae
707 4062 840 4127 nardum
1071 4063 1113 4128 Et
1127 4063 1160 4127 iu
1175 4068 1272 4141 portu
1287 4059 1474 4139 desperanti

397 4144 440 4208 Et
453 4144 563 4209 florem
580 4145 743 4209 ecclesiae.
1071 4145 1215 4212 Contulit
1230 4144 1399 4211 auxilium:

342 4234 370 4294 2.
396 4229 575 4294 Sanctitate
591 4229 761 4305 decoravit,
1069 4230 1240 4295 Invocatus
1255 4227 1426 4294 vinculatis

396 4311 498 4389 Quem
513 4314 638 4378 beando
655 4313 862 4395 proclamavit
1070 4314 1114 4378 Et
1127 4318 1285 4378 tormento
1302 4310 1467 4393 deputatis

397 4397 434 4461 In
450 4403 607 4462 terrarum
624 4397 740 4462 finibus
1071 4395 1203 4462 Confert
1216 4394 1454 4460 adminiculum.

396 4480 456 4545 Per·
472 4482 636 4563 signorum
652 4482 841 4559 ubertatem,
1015 4486 1043 4543 5.
1070 4481 1131 4545 Hie
1146 4480 1252 4561 regule
1267 4497 1423 4561 spernens
1437 4478 1520 4541 latus

397 4564 485 4639 Quae
501 4567 542 4630 ob
558 4566 627 4630 eius
643 4566 846 4630 sanctitatem
1070 4565 1113 4630 Et
1128 4567 1257 4645 pinnam
1275 4560 1479 4645 pontificatus

396 4649 535 4729 Fulgent
550 4650 582 4713 in
597 4650 789 4714 bominibus.
1070 4649 1157 4714 Exiit
1171 4666 1190 4712 a
1203 4647 1341 4730 propriis

342 4737 371 4795 3.
397 4732 476 4796 Eius
493 4751 585 4815 prece
600 4732 670 4798 lons
686 4734 837 4811 manavit,
1069 4733 1188 4797 Arvnm
1204 4738 1314 4815 petens
1335 4729 1538 4812 aquitanum,

397 4814 496 4889 Quem
511 4825 627 4881 nutura
647 4817 825 4897 denegavit,
1068 4816 1118 4881 lbi
1132 4816 1250 4897 degens
1265 4835 1328 4881 non
1343 4816 1505 4880 iuvenum

397 4900 486 4965 Dans
501 4906 612 4981 potum
628 4902 803 4983 indigenis:
1068 4901 1212 4968 Inmunis
1228 4898 1360 4967 avitiis.
