3975 5800
885 539 1095 604 ..34-

567 719 639 800 Fili,
654 719 717 784 iam
733 721 840 786 sedea
855 721 986 802 dextris,
1002 721 1114 804 iamin
1129 722 1229 788 altum
1244 725 1422 806 regredere.

566 804 743 888 Oportebat
757 812 799 879 te,
813 804 867 886 tili,
884 808 929 871 sic
944 807 1022 889 pati,

451 968 456 979 ¹
561 888 654 954 etita
668 888 789 954 intrare
803 891 836 954 in
852 889 986 971 gloriam
1001 895 1100 955 tuam.

343 972 370 1031 5.
386 967 505 1035 Filuis.
562 973 670 1051 Pater,
686 975 817 1040 verbum
833 980 923 1039 tuum
940 974 1059 1040 veritas
1074 979 1133 1040 est.

561 1056 694 1138 Respice
707 1057 741 1122 in
754 1063 873 1123 terram
889 1066 923 1125 et
935 1059 1024 1140 reple
1038 1077 1108 1124 carn
1122 1058 1215 1125 bouis
1228 1060 1301 1126 tuis.

562 1139 649 1207 Tunc
664 1141 839 1208 confitebor
853 1142 913 1208 tibi
928 1143 961 1206 in
975 1142 1160 1210 nationibus

562 1228 595 1290 ct
609 1224 745 1306 psallam
758 1226 818 1292 tibi
831 1227 865 1291 in
879 1226 982 1306 gloria
994 1245 1075 1292 moa.

342 1308 370 1367 [3.
386 1302 492 1369 Potor.
561 1308 632 1387 Fili,
647 1311 733 1377 rivos
748 1310 817 1377 eius
832 1310 998 1390 inebriavi,

561 1394 770 1476 multiplicavi
787 1396 947 1477 genimina
962 1395 1032 1459 eius

565 1485 598 1544 et
613 1479 716 1559 campi
731 1479 778 1545 tui
791 1478 954 1562 replentur
969 1478 1116 1544 ubertate

565 1569 597 1628 et
611 1563 711 1629 valles
725 1562 957 1629 habundabant
973 1561 1133 1627 frumento

562 1650 595 1710 ot
608 1647 758 1728 hymnum
775 1646 882 1713 dicent
895 1646 928 1711 in
943 1646 1055 1729 gloria.

343 1731 369 1790 1.
386 1725 539 1806 Populus.
563 1731 646 1809 lesu,
663 1733 756 1796 testis
771 1732 804 1797 in
820 1732 906 1798 coelo
921 1729 1034 1809 fidelis,

562 1822 686 1895 partem
701 1815 734 1880 in
749 1816 851 1898 prima
865 1815 1098 1880 resurrectione
1113 1812 1155 1878 da
1171 1813 1269 1894 nobie,

565 1903 603 1964 ut
617 1900 671 1965 ubi
687 1919 721 1965 es
736 1905 771 1964 tu
787 1905 821 1964 11
835 1918 893 1965 nos
908 1899 1008 1964 simus

563 1983 743 2050 exultantes
758 1985 791 2049 in
805 1983 909 2066 gloria
923 1989 988 2048 tua.

412 2098 436 2134 a.
457 2079 549 2134 Text.
587 2082 677 2138 Morel
696 2081 751 2137 No.
771 2082 914 2137 11141
934 2098 1003 2136 aaa:
1033 2080 1086 2135 Hs.
1106 2097 1143 2136 aa
1160 2079 1201 2134 St.
1222 2078 1325 2135 Galles
1348 2080 1496 2152 (Brander)
1513 2085 1575 2136 546.
1594 2081 1638 2134 Bt.

341 2157 383 2208 119.
404 2153 454 2205 uuit
473 2153 720 2222 111111111111111.Ι
746 2154 812 2209 Alia
836 2154 954 2223 pulchra
973 2154 997 2207 b.
1017 2151 1134 2206 Notkori
1154 2160 1236 2221 puto,
1265 2152 1299 2207 de
1323 2153 1531 2208 resurrectione
1549 2154 1638 2209 Domi-

342 2226 405 2279 nica
423 2225 606 2346 lchuentia.“
643 2225 690 2280 Sic
717 2227 756 2280 iat
784 2224 851 2280 aher
876 2225 976 2295 pannias
1004 2224 1082 2277 nicht
1110 2239 1165 2278 aon
1192 2224 1315 2290 Notker,
1342 2224 1388 2278 die
1414 2222 1539 2280 Melodu'c
1559 2225 1639 2294 seldt.

342 2298 440 2350 hlore.

412 2365 437 2418 b.
457 2363 610 2420 Reme-rh.
648 2367 726 2434 „Dic
745 2365 894 2422 Gemeinde
911 2368 985 2422 wird
1003 2366 1048 2421 als
1066 2366 1246 2421 snitamrkcud
1258 2371 1393 2436 pendunt,
1413 2367 1473 2422 aad
1490 2365 1639 2439 santonos

342 2437 437 2489 eonardo
462 2437 513 2490 der
537 2436 673 2508 Einpaaq
696 2441 740 2507 (1,
765 2443 862 2509 1-4),
890 2439 934 2493 bei
957 2439 1017 2492 11111
1040 2438 1120 2492 deirae
1139 2438 1336 2509 Bezcicbnanq
1354 2438 1443 2507 11111,
1472 2439 1573 2494 ebeas'o
1593 2441 1642 2508 (iss

347 2507 585 2579 Wecbaelpcsaup)
602 2514 771 2581 pesunpen.“
790 2511 908 2567 Bartsch
925 2509 954 2564 S.
972 2513 1017 2565 20.

889 2620 894 2626 ι
906 2618 1087 2625 .-.-.--.-.—--

751 2697 801 2758 87.
851 2692 1024 2758 Dominicis
1045 2713 1071 2759 a.
1089 2691 1236 2775 paschae.

366 2809 394 2867 1.
417 2802 510 2884 Oqui
522 2819 657 2884 perenne
669 2801 813 2868 residens
825 2803 998 2883 potestatis
1010 2801 1099 2880 solio,
1114 2799 1370 2880 omniaordinas,
1383 2803 1481 2882 sator,
1494 2799 1537 2867 ab
1548 2800 1643 2867 aevo!

366 2893 394 2953 2.
418 2887 463 2952 Te
478 2904 587 2952 uerum
604 2892 636 2952 et
652 2886 933 2954 unum'contitetnr
948 2887 1050 2953 omnis
1065 2892 1153 2952 terra
1168 2885 1341 2959 dominum,

365 2978 394 3037 3.
418 2970 478 3047 Qui
493 2990 552 3037 nos
566 2971 710 3037 homines
725 2974 790 3037 tuis
805 2971 927 3038 deliciis
943 2973 1061 3038 eiectos
1079 2971 1252 3037 condoleus

365 3064 395 3120 4.
415 3057 519 3121 Homo
535 3073 678 3136 veneras,
695 3076 752 3139 per
767 3062 856 3122 tuum
871 3055 1059 3139 sanguinem
1074 3055 1224 3137 deceptos
1238 3070 1400 3120 revocans.

367 3146 394 3206 5.
417 3141 658 3289 Indehvirtutes
684 3141 820 3207 coellet
845 3159 953 3207 omnes
979 3138 1100 3222 angeli,
1127 3156 1228 3220 aeque
1253 3138 1454 3219 gratulantes
1479 3136 1646 3221 redempto

367 3315 394 3374 6.
418 3309 487 3376 Tibi
514 3243 780 3407 ginniuiulgurosis
804 3311 915 3393 tuique
940 3307 1075 3377 consciis
1100 3306 1334 3375 incessabiliter
1357 3305 1559 3389 proclamant
1586 3307 1645 3372 mi-

367 3483 393 3542 7.
416 3401 741 3574 ,1111111811ῒέ,181111111
762 3483 855 3567 ἅγιος,
882 3477 1009 3544 domine
1023 3478 1179 3544 virtutum
1194 3494 1233 3543 ac
1246 3473 1469 3560 potentissime
1483 3493 1541 3541 rex
1556 3494 1646 3543 exer·

365 3653 394 3711 8.
419 3567 709 3763 coeiiiiuiiirfaa
735 3647 837 3711 maria
861 3644 993 3730 replesti
1017 3645 1121 3728 gloria
1145 3651 1220 3712 tuae
1245 3643 1426 3711 maiestatis
1450 3648 1565 3711 cuneta
1588 3662 1646 3728 per

366 3820 394 3878 9.
417 3729 646 3895 hilisigiriiric,
671 3813 832 3894 persultat
845 3814 980 3897 hymnos
994 3831 1130 3880 comune
1145 3814 1244 3898 plebs,
1265 3812 1314 3878 tui
1324 3811 1482 3880 adventus
1497 3812 1592 3880 avida
1607 3830 1646 3879 ac

492 3895 673 3963 futurorum
687 3897 840 3979 praescia.

347 3986 394 4045 10.
419 3982 454 4046 11
477 3981 527 4046 his
548 3979 698 4046 laudibus
722 3982 982 4048 condelectantur
1002 3982 1121 4066 optime
1142 3980 1301 4064 principes
1321 3979 1439 4047 firmati
1464 3986 1643 4064 pneumate,

494 4065 648 4146 trophaea
662 4071 719 4130 tua
733 4084 854 4131 canere.

347 4156 394 4212 11.
418 4150 551 4213 interim
563 4148 667 4214 dulcia
679 4150 877 4230 proclamant
888 4151 1011 4216 cantica
1023 4152 1154 4217 testium
1167 4150 1306 4230 agmina,
1315 4150 1390 4230 agni
1401 4167 1514 4215 cruore
1525 4149 1642 4214 albata.

346 4239 393 4297 12.
418 4231 723 4381 Solufflffipecipua
747 4240 780 4299 te
806 4234 937 4316 dignum
963 4235 1103 4301 carmine
1129 4233 1265 4316 supplici
1289 4233 1431 4300 latentur
1459 4235 1642 4299 sacerdotes

346 4405 394 4462 13.
418 4397 466 4461 hd
482 4337 569 4465 triam
585 4367 710 4482 semper
725 4401 853 4467 laudem
869 4402 1014 4468 monachi
1029 4407 1218 4469 conservant
1232 4402 1330 4467 vitam
1344 4403 1509 4470 coelibem.

347 4488 394 4545 14.
419 4481 463 4546 Ut
478 4492 552 4549 tuus
566 4486 668 4549 honor
682 4486 777 4565 vivat,
794 4488 934 4568 virgines
948 4486 1124 4569 prudentor
1138 4486 1303 4570 lampades
1317 4493 1444 4554 111111.

346 4571 393 4629 15.
418 4566 476 4631 llis
491 4574 557 4633 tam
572 4569 715 4633 iucundis
730 4571 883 4652 placatus,
900 4570 1037 4649 Christe,
1053 4570 1185 4637 canticis

346 4655 393 4713 le.
416 4651 459 4714 Et
475 4671 532 4718 nos
548 4654 663 4717 exaudi
678 4653 851 4734 psallentes
867 4673 943 4720 vocc
958 4654 1110 4737 supplici3

346 4739 393 4798 17.
417 4734 459 4797 lli.
474 4737 526 4815 qui
543 4737 703 4802 homiuum
720 4756 816 4802 causa
831 4739 939 4804 volens
954 4739 1100 4805 subieras
1115 4740 1227 4804 mortis
1241 4740 1366 4818 acerba,

346 4824 393 4882 18.
417 4818 479 4882 Fac
494 4838 552 4884 nos
567 4822 681 4886 horum
695 4828 866 4900 consortes,
882 4841 962 4904 qnos
977 4828 1101 4907 patrem
1116 4829 1265 4905 repetens
1280 4824 1405 4907 patriae
1420 4822 1531 4903 reione,

346 4907 394 4968 19.
416 4900 453 4968 Ι1
469 4921 532 4984 qua
546 4904 615 4971 laus
631 4906 753 4973 esttibi
769 4924 893 4989 perpes.
