3975 5800
878 590 1109 657 -ma-

413 793 438 832 a.
458 777 481 830 Τ
488 783 551 832 ext.
589 778 672 833 Mune
691 779 744 833 No.
764 782 815 834 383
835 780 869 849 (2,
890 780 944 839 771
963 796 1031 834 aare:
1048 779 1101 835 Ha.
1120 796 1157 834 cn
1174 778 1324 848 Stattpart
1344 777 1415 835 Bibl.
1434 779 1479 832 20.
1503 774 1523 831 s.
1543 779 1569 832 3.
1595 777 1650 831 nit

342 849 392 903 der
412 849 544 916 Melodie
563 853 606 903 13.
626 850 727 905 Jahrb.
747 882 780 892 -
799 852 898 906 Daniel
917 852 950 918 V,
970 855 1031 906 254.
1047 853 1101 920 ,aar
1119 852 1171 905 dea
1188 851 1259 906 Text
1278 868 1330 907 aas
1351 852 1444 907 Mons.

412 954 435 991 e.
454 939 612 991 Bemerlr.
649 943 675 993 3.
694 938 941 1009 „DerGepeueute
961 938 1177 994 desLeriutbaa
1195 938 1382 998 ictGluictna.
1401 939 1533 993 aicbtals
1546 936 1648 992 Wum

342 1025 380 1062 aa
399 1010 448 1062 der
466 1009 564 1078 Aequi,
590 1011 712 1065 eundern
739 1012 911 1078 ulcerosam
929 1009 1026 1078 Fiarlr,
1054 1011 1152 1065 welcbe
1172 1011 1304 1081 Ductuap
1330 1011 1565 1065 uabrccbeinlicb
1591 1026 1647 1065 aaa

342 1080 402 1133 dem
429 1082 631 1150 symboliaebcn
656 1081 766 1136 Numen
795 1090 864 1151 ἰχθὺς
890 1084 955 1148 (aar
982 1084 1049 1136 siud
1074 1084 1119 1136 die
1138 1083 1438 1151 Anfcapebucbttabea
1465 1083 1515 1136 der
1533 1081 1648 1136 Numen

341 1161 431 1278 ilarionis
451 1163 552 1295 Χριστὸὲς
569 1163 629 1208 θεοῦ
650 1162 697 1217 bede
717 1156 806 1227 σωτὴρ)
824 1155 990 1211 eatstaudea
1009 1157 1055 1210 ist.
1074 1155 1192 1224 August.
1212 1155 1266 1210 (liv.
1286 1162 1392 1224 quaest.
1403 1157 1446 1222 61,
1459 1156 1485 1209 4.
1505 1154 1537 1209 In
1547 1169 1647 1223 dung.

355 1229 445 1290 0.5,
467 1228 507 1278 17.
549 1266 555 1277 .
576 1229 617 1278 11.

572 1468 640 1529 199.
687 1463 728 1528 Iu
743 1465 985 1531 annuntiatione
999 1466 1108 1532 beatae
1122 1466 1255 1531 Murice
1269 1463 1411 1547 cirpiais.

736 1585 852 1653 (Auctor
875 1591 919 1640 est
937 1587 1038 1640 Petrus
1058 1583 1251 1651 abaelardus.)

344 1708 372 1768 1.
398 1705 500 1769 Mittit
515 1703 555 1768 ad
571 1704 726 1783 virginem
1035 1712 1064 1772 8.
1086 1707 1184 1787 Virgo
1200 1705 1376 1786 suscipiens

397 1790 467 1854 Nun
484 1790 627 1868 aremus
642 1790 800 1869 camelum,
1085 1792 1144 1856 Dei
1160 1790 1351 1870 depositum,

397 1874 458 1939 Sed
477 1872 696 1937 tortitudinem
1083 1876 1119 1941 In
1135 1893 1197 1954 utre
1212 1872 1378 1957 perficiens

396 1957 503 2029 Suam,
519 1956 755 2038 archangelum,
1083 1961 1214 2026 Castum
1229 1958 1428 2040 propositum

398 2046 530 2106 Amator
544 2042 691 2106 huminis.
1083 2044 1126 2109 Et
1141 2049 1250 2107 votum
1266 2047 1381 2107 teneat.

341 2129 370 2188 2.
397 2127 525 2191 Fortem
545 2125 694 2208 expediat

396 2210 458 2274 Pru
474 2212 567 2275 trabis
582 2211 738 2288 nuntium,
1036 2220 1065 2279 9.
1084 2212 1182 2277 Audit
1196 2218 1229 2275 et
1244 2208 1380 2291 suscipit

396 2295 538 2360 Naturae
555 2293 652 2358 faeiat
1083 2296 1196 2361 Puella
1210 2295 1367 2367 nuntium,

398 2378 443 2442 Ut
458 2378 685 2460 praeiudicium
1084 2380 1194 2445 Credit
1209 2385 1242 2443 et
1257 2377 1394 2459 concipit

397 2464 434 2527 ln
448 2468 544 2543 partu
560 2462 701 2542 virginis,
1084 2466 1127 2531 Et
1141 2464 1225 2545 parit
1240 2461 1350 2539 filium,

341 2550 371 2608 3.
398 2548 551 2611 Naturam
568 2551 700 2627 superat
1084 2548 1147 2616 Sed
1162 2546 1392 2614 admirabilem.

396 2632 498 2697 Natus
513 2648 570 2694 rex
588 2629 718 2712 gloriae,

396 2717 524 2796 Regnat
539 2717 572 2778 et
585 2715 722 2795 imperat
1017 2725 1065 2786 10.
1085 2715 1308 2782 Consiliarium

396 2798 439 2863 Et
454 2817 544 2876 zyrna
560 2799 681 2864 scuriae
1083 2800 1222 2867 Humani
1237 2797 1363 2880 generis

396 2883 492 2949 Tollit
508 2884 676 2949 demedio.
1083 2887 1127 2951 Et
1141 2886 1242 2951 Deum
1258 2882 1389 2947 fertitem

340 2972 369 3032 4.
397 2968 656 3049 superbientium
955 2964 958 2972 '
1083 2972 1264 3119 ’11ϊέ1119111
1279 2966 1429 3049 posteris

396 3054 495 3118 Terat.
508 3052 647 3133 fastigia,
1083 3056 1121 3121 In
1158 3055 1198 3119 de
1213 3051 1370 3119 stabilem.

397 3136 486 3202 (lulla
501 3136 684 3203 sublimium

397 3221 506 3286 Calcet.
520 3223 549 3285 vi
565 3222 696 3304 propria
1016 3230 1064 3293 ll.
1084 3224 1181 3291 Genius
1196 3219 1357 3286 stabilitas

396 3306 515 3371 Potens
530 3306 561 3370 in
577 3304 707 3387 proelio.
1084 3309 1149 3373 Nos
1164 3305 1279 3370 reddat
1293 3302 1436 3381 stabiles,

341 3391 370 3450 5.
396 3390 495 3455 Foras
512 3391 620 3455 eiiciat
1083 3392 1131 3457 Ne
1146 3408 1203 3455 nus
1219 3387 1360 3454 labilitas

396 3475 594 3539 Mnnrlannm
609 3474 793 3557 principem,
1083 3475 1248 3541 Mundana
1263 3472 1376 3537 labiles

395 3557 596 3638 Matremque
610 3557 708 3622 faciat
1085 3555 1370 3639 Secumpraecipit
1389 3556 1413 3618 t.

396 3642 510 3706 Secum
527 3640 713 3722 participem

395 3726 503 3790 Patris
518 3725 653 3806 imperii.
1018 3733 1065 3794 12.
1084 3725 1147 3793 Sed
1163 3725 1257 3790 dator
1271 3723 1385 3788 veniae

341 3808 371 3867 6.
397 3810 466 3886 Exi,
483 3811 535 3890 qni
552 3809 698 3885 mitteris,
1085 3809 1245 3876 Concessa
1258 3809 1352 3873 venia

396 3894 485 3958 Haec
500 3892 583 3957 dona
598 3892 729 3972 dissere,
1085 3895 1149 3960 Per
1162 3898 1300 3959 matrem
1314 3891 1438 3974 gratiae

396 3978 517 4042 Revela
531 3978 648 4042 veteris
1086 3977 1228 4046 Obtenta
1241 3976 1348 4056 gratia

396 4061 548 4127 Velamen
564 4060 677 4126 literae
1085 4063 1123 4128 In
1137 4063 1230 4129 nobis
1245 4061 1380 4126 habitet.

396 4146 526 4211 Virtute
542 4144 655 4210 nuntii.

342 4224 370 4283 ⁷·
397 4228 529 4307 Accede,
544 4228 668 4308 nuncia,
1019 4237 1067 4298 13.
1087 4229 1148 4307 Qui
1164 4229 1256 4294 nobis
1273 4227 1397 4294 tribuat

396 4314 455 4377 Dic
470 4332 539 4378 ave
555 4314 706 4391 cominus,
1085 4312 1213 4378 Peccati
1228 4311 1362 4391 veniam,

397 4398 456 4463 Dic
469 4397 587 4479 plena
610 4396 757 4479 gratia,
1085 4398 1206 4464 Rectus
1222 4397 1326 4462 diluat

397 4483 602 4548 Dictecum
624 4481 809 4546 dominus
1086 4481 1129 4547 Et
1143 4482 1242 4546 donet
1256 4479 1393 4563 patriam

396 4565 438 4629 Et
452 4566 502 4631 dic
518 4585 563 4631 ne
584 4566 738 4631 timeas.
1086 4564 1125 4630 In
1139 4582 1212 4630 arce
1227 4563 1377 4629 sidemm.

417 4691 441 4728 a.
461 4672 556 4728 Text.
594 4674 802 4730 maleactae
822 4673 920 4742 (231.)
940 4688 1008 4726 aaa:
1026 4670 1079 4727 He.
1093 4671 1290 4734 cananeum,
1310 4664 1649 4727 clm.1764a14.Jaara.

344 4746 399 4813 (A).
436 4745 489 4799 Hs.
508 4763 545 4799 zu
564 4745 689 4800 Admont
715 4746 767 4800 No.
787 4748 848 4799 717.
875 4746 917 4797 14.
936 4742 1037 4797 Jahrb.
1065 4746 1117 4799 mit
1134 4743 1229 4799 Noteu
1257 4742 1308 4811 (nt.
1346 4741 1398 4797 He.
1418 4755 1455 4795 aa
1476 4737 1504 4792 S.
1525 4736 1601 4792 Paul
1617 4736 1651 4790 iu

343 4814 475 4871 Kdrutcu
493 4817 545 4871 Nu.
565 4820 607 4872 48.
627 4821 670 4872 13.
691 4815 791 4872 Jahrb.
810 4818 862 4871 urit
880 4813 1004 4869 Nam
1023 4815 1067 4885 (0)
1095 4846 1130 4856 -
1166 4815 1266 4871 Daniel
1285 4814 1321 4882 ll,
1340 4816 1383 4869 59.
1407 4814 1459 4868 885
1478 4826 1545 4866 aaa:
1563 4806 1649 4865 Gadd.

343 4888 655 4943 Mon.10.saec.xll.
684 4890 739 4960 (1)).
776 4888 851 4943 Mon.
872 4890 913 4941 16.
933 4903 954 4942 s.
974 4885 1051 4941 XIII.
1080 4886 1135 4957 (E).
1171 4886 1254 4942 Vind.
1273 4890 1298 4941 7.
1323 4900 1396 4940 saec.
1420 4882 1494 4938 XIV.
1522 4881 1577 4950 (F).
1614 4908 1650 4920 -

344 4960 410 5017 Cod.
429 4958 511 5017 vind.
531 4960 687 5015 ccccxlv.
705 4961 737 5015 ia
754 4960 870 5015 manea
887 4956 1001 5013 Bacbe:
1019 4957 1173 5028 „Kircbeu
1192 4954 1507 5028 Menandromulta
1525 4951 1650 5008 audem
