3975 5800
871 566 1103 629 —428-

342 751 369 814 5.
395 743 596 822 Istesoffert,
612 742 683 808 illos
697 742 820 827 profert
1014 750 1042 809 7.
1068 743 1195 810 Cedunt
1209 743 1257 808 rei
1273 761 1400 810 sacrum
1413 743 1475 811 Der

397 828 490 894 Miles
505 828 624 894 Christi
640 828 749 893 dicens
766 828 829 907 isti,
1068 827 1132 893 Sed
1146 827 1269 893 maiora
1283 834 1399 911 parant
1413 827 1454 907 ei,

397 913 479 978 Sunt
493 913 633 978 thesauri
645 914 764 993 gratia:
1069 911 1175 977 Gratis
1190 919 1322 996 paratur
1337 911 1452 992 ferrea,

395 999 470 1062 Mox
484 997 579 1062 illusa
594 1002 626 1062 et
641 996 774 1062 confusa
1068 995 1223 1061 Terretur
1238 1015 1313 1062 caro
1327 1015 1430 1063 rosea.

396 1081 616 1163 Tyrannorum
632 1085 665 1145 et
679 1081 851 1162 pardorum

395 1165 687 1230 Fremuitinsania.
1013 1168 1042 1227 8.
1069 1162 1542 1242 ScandecratemoLaurenti,

341 1251 370 1312 6.
395 1249 478 1313 Huic
493 1249 665 1327 minantur,
1069 1247 1158 1325 Quae
1173 1255 1225 1314 est
1238 1249 1335 1314 horae
1348 1249 1400 1313 vel
1415 1246 1567 1312 momenti

395 1333 489 1397 Hune
504 1340 675 1415 precantur
1070 1333 1113 1397 Et
1127 1332 1250 1398 confide
1266 1334 1306 1397 de
1321 1334 1467 1398 mercede

395 1416 598 1482 Excelsorum
615 1423 651 1481 ut
666 1416 796 1481 deorum
1069 1416 1206 1481 Caelesti
1222 1423 1255 1482 et
1269 1416 1389 1498 gloria:

397 1500 490 1566 Colat
505 1501 674 1565 sacrificia:
1068 1500 1134 1566 Ora
1148 1500 1260 1581 Deum,
1277 1507 1314 1566 ut
1329 1500 1497 1566 tormentis

396 1586 438 1649 Et
453 1585 573 1650 nolenti
589 1584 756 1665 quicquam
772 1583 884 1647 berum
1068 1584 1204 1651 Mundet
1219 1586 1331 1651 sordes
1346 1588 1477 1649 nostrae
1495 1582 1618 1661 mentis,

395 1669 496 1734 Omne
510 1687 610 1749 genus
625 1673 856 1733 tormentorum
1068 1669 1111 1732 Et
1126 1688 1183 1734 nos
1200 1674 1290 1750 tegat
1306 1676 1403 1751 atque
1419 1673 1511 1750 regat

396 1752 505 1818 l'arari
520 1753 608 1817 iubet
622 1753 738 1833 impius
1067 1752 1156 1818 Dans
1171 1760 1304 1819 aeterna
1317 1753 1446 1835 gaudia.

396 1836 543 1902 Athletae
558 1837 676 1902 Christi
692 1836 817 1901 Decius
1068 1839 1169 1902 Amen
1184 1837 1292 1903 dicam
1306 1837 1421 1904 omnia.

411 1943 507 2000 Text.
542 1945 622 2000 Mica.
641 1944 720 1999 fratr.
739 1945 829 1998 Paris.
850 1945 925 1998 1520.

803 2218 873 2280 628.
917 2216 967 2280 De
987 2234 1013 2279 o.
1036 2215 1186 2281 mantne.

340 2332 412 2400 (Eia
430 2331 604 2403 Enqleiadem
624 2330 830 2386 Glaubcnsbote
849 2331 894 2385 bei
911 2331 964 2386 ἀση-
982 2329 1102 2385 Friesen
1121 2323 1181 2386 mid
1197 2330 1331 2399 Sachama,
1348 2336 1416 2402 aest.
1429 2333 1473 2386 12.
1484 2329 1621 2397 Neam

365 2444 391 2501 l.
411 2437 554 2502 Lebuine
569 2436 786 2503 confessorum
1034 2441 1063 2500 o.
1081 2436 1246 2503 Lebuinus
1261 2437 1309 2501 vir
1324 2443 1484 2516 censatos,

412 2522 613 2587 Praecedens
627 2521 685 2586 flea
700 2521 752 2601 qui
767 2521 912 2603 polorum
1082 2519 1226 2586 Prudens
1242 2521 1329 2586 mitis
1344 2526 1378 2585 et
1391 2522 1508 2587 beatus

409 2607 522 2686 Regna
537 2606 665 2670 scandis
680 2606 797 2670 ardua:
1082 2605 1183 2684 Signa
1196 2604 1273 2670 iecit
1283 2604 1438 2687 plurima:

408 2690 569 2769 Linquens
586 2690 696 2754 orbem
711 2689 887 2754 validorum
1081 2688 1263 2754 Diffiteutes
1278 2690 1453 2771 superavit,

411 2772 474 2837 Cor
489 2772 616 2854 plenum
631 2772 767 2852 portasti
783 2791 908 2836 morum
1082 2773 1224 2849 Quorum
1240 2780 1362 2838 mentes
1377 2771 1569 2857 permutavit

408 2855 456 2921 'lu
473 2855 585 2938 pandis
603 2856 764 2923 miracula.
1081 2857 1144 2923 Per
1159 2858 1258 2923 verba
1273 2857 1425 2924 salubria.

362 2944 389 3005 2.
411 2941 537 3005 Domini
552 2958 645 3005 voces
661 2941 779 3006 audisti
1035 2944 1062 3004 7.
1081 2942 1184 3022 Saepe
1199 2943 1314 3007 turbae
1329 2944 1553 3018 convenerunt,

410 3025 522 3089 'lransi
538 3043 636 3105 mare,
653 3027 739 3106 leges
755 3024 874 3090 Christi
919 3088 921 3092 ,
1082 3027 1241 3092 Generale
1255 3026 1331 3090 dum
1346 3025 1491 3092 iecerunt

409 3110 531 3173 Resera
546 3108 741 3176 Senonibus:
1082 3111 1207 3176 Pariter
1222 3109 1398 3175 consilium.

409 3194 501 3257 Alme
516 3200 607 3274 pater
622 3194 668 3258 sio
682 3192 786 3260 iecisti
1083 3194 1151 3259 lllic
1165 3196 1332 3276 presbyter
1346 3192 1505 3270 transivit,

409 3279 537 3342 Iussum
552 3277 697 3342 Treiecto
713 3276 814 3343 tulisti
1081 3278 1175 3342 Hunc
1189 3277 1368 3357 laesissent,
1383 3277 1439 3342 sed
1453 3274 1550 3344 abivit

410 3361 516 3427 Verba
531 3361 605 3426 dum
620 3362 803 3442 Gregorius.
1082 3362 1286 3443 Reliquitque
1300 3361 1465 3443 populum.

361 3448 390 3512 3.
408 3445 539 3511 Praesul
554 3445 642 3510 novit
655 3445 832 3510 Lebuinum
1032 3452 1062 3509 8.
1082 3445 1225 3510 Tandem
1239 3444 1371 3511 illaesus
1385 3444 1512 3524 meavit,

409 3529 544 3596 Servum
560 3530 675 3594 direxit
690 3528 830 3594 divinum
1082 3529 1226 3610 Namque
1239 3547 1294 3594 rex
1309 3529 1413 3612 ipsum
1428 3526 1560 3594 salvavit

409 3614 481 3679 Huc
497 3620 565 3679 teto
582 3613 763 3678 conamine:
1082 3614 1195 3680 (lerdis
1209 3631 1346 3679 noscens
1363 3613 1503 3680 condita:

407 3698 550 3778 Populus
566 3698 611 3762 eis
626 3697 730 3761 Yllam
746 3696 875 3762 eredens
1083 3698 1154 3762 Fiet
1168 3697 1298 3779 quaevis
1313 3715 1386 3763 caro
1402 3698 1492 3778 ciniS,

409 3782 530 3846 Deitati
546 3783 786 3846 moxaccedens
1082 3782 1341 3848 Viuavenitcito
1356 3781 1439 3861 finis,

409 3865 516 3931 Servit
528 3883 686 3945 personae
701 3865 814 3930 trinae.
1081 3866 1130 3930 De
1145 3865 1230 3931 dulci
1245 3868 1363 3947 migrat
1376 3866 1453 3932 nita.

360 3947 390 4017 4.
410 3949 547 4014 Numine
562 3947 714 4030 templum
728 3947 891 4030 fundatur,
1034 3946 1064 4012 9.
1083 3949 1203 4014 Christi
1218 3951 1344 4015 nomine
1358 3944 1507 4015 formavit

409 4031 500 4109 Quod
515 4032 641 4114 Wilpen
657 4033 883 4117 convocitatur,
1082 4032 1254 4099 Oraculum
1269 4034 1360 4116 plebs
1375 4051 1438 4115 quo
1452 4028 1562 4099 locavit

410 4117 500 4182 Fecit
514 4116 574 4182 hec
588 4134 666 4199 gens
682 4117 828 4182 credula:
1083 4116 1185 4182 Valde
1200 4136 1316 4200 corpus
1332 4118 1453 4183 nobile:

409 4204 546 4269 Sanctus
561 4201 694 4268 vitiosos
708 4202 850 4281 mundat,
1084 4200 1433 4269 ConfesserisLebuini

409 4286 585 4367 Baptisatis
600 4285 810 4369 praemissum
825 4287 891 4366 dat,
1083 4285 1149 4351 Nos
1164 4285 1321 4351 conducat
1334 4291 1422 4353 recto
1437 4285 1491 4350 fini

410 4371 497 4435 Cluit
511 4370 573 4452 elya
588 4370 703 4452 gratia.
1083 4371 1152 4435 Rex
1166 4370 1279 4453 plenus
1295 4371 1471 4436 dulcedine.

361 4445 390 4520 5.
409 4455 481 4519 Huc
494 4456 610 4520 transit
625 4453 786 4519 confessor
801 4458 922 4536 gratae,
1015 4447 1063 4518 10.
1081 4453 1199 4520 Preces
1213 4452 1311 4519 funde
1326 4455 1447 4521 cunctis
1462 4452 1546 4518 horis

409 4538 520 4603 Patria
534 4538 653 4620 gaudet
670 4545 813 4617 vexatus,
1083 4538 1238 4605 Genitrici
1252 4538 1432 4620 salvatoris,

410 4622 791 4703 Darentroncreditpia:
1083 4621 1176 4699 Quod
1191 4640 1310 4703 poenas
1326 4623 1464 4704 sumpsit
1478 4622 1582 4687 duras:

409 4707 601 4772 Plasmatori
616 4713 824 4787 terrenorum,
1083 4705 1223 4771 Crimina
1237 4708 1323 4788 quod
1338 4708 1432 4772 tollat
1446 4723 1538 4773 verus

409 4789 646 4867 Qniiustasua
664 4792 823 4857 coelorum
1083 4789 1512 4858 Plasmatervalidusherus

410 4873 475 4939 Dat
489 4877 654 4957 praeclara
667 4875 794 4958 gaudia.
1082 4874 1240 4956 Disponat
1254 4882 1376 4943 mentes
1390 4893 1498 4960 puras.

410 4973 505 5033 Text.
543 4976 604 5046 Seq.
622 4976 692 5035 Dav.
712 4977 790 5034 1495.
810 5006 843 5018 -
861 4974 963 5032 Daniel
981 4973 1017 5045 ll,
1035 4976 1089 5030 220
1106 4976 1157 5033 aar
1175 4978 1221 5034 dic
1239 4981 1264 5034 1.
1282 4976 1405 5048 &ropac
1423 4994 1476 5035 ecc
1493 4977 1570 5033 Torr.

1447 5073 1459 5104 0
