3975 5800
872 584 1104 647 -314-

343 767 373 826 4.
398 762 573 841 Largitatis
589 763 745 838 cumulus,
1017 766 1046 827 6.
1072 761 1111 826 N.
1128 762 1254 827 viriam
1270 761 1387 828 melica

399 846 553 912 Veritatis
569 845 691 917 titulus,
1072 846 1109 911 ln
1125 847 1222 911 terris
1238 844 1369 911 mirifice

398 930 574 996 Probitatis
589 930 739 1010 precium„
1075 930 1192 994 Vivens
1207 930 1328 1010 absque
1345 929 1479 1009 macula,

398 1015 560 1078 ldolornm
576 1015 729 1092 aemulus,
1072 1013 1137 1077 Nos
1153 1013 1325 1079 clementer
1340 1012 1463 1095 respice

398 1097 498 1174 erern
515 1098 642 1162 colebat
656 1098 792 1179 popalus
1071 1097 1271 1178 Peccataque
1286 1098 1382 1162 reiice

398 1183 460 1245 Vix
476 1200 661 1264 expugnans
677 1182 800 1246 vitium.
1069 1179 1138 1245 Tua
1153 1198 1245 1262 prece
1261 1180 1384 1246 sedula.

343 1272 373 1329 5.
399 1265 446 1330 ’15
463 1267 592 1331 virtutis
608 1266 710 1346 galea,
1016 1269 1044 1326 7.
1071 1264 1177 1345 l’urga
1192 1271 1300 1330 nostra
1315 1265 1438 1331 scelera

398 1349 459 1425 Qui
475 1350 623 1430 sprevisti
640 1357 756 1428 terrea,
1070 1347 1284 1429 Precibusque
1300 1365 1459 1431 praepara

400 1431 685 1498 Pertaliatlrodie
1070 1431 1434 1513 Locumindulgentiae,

398 1516 515 1582 Lutum
531 1517 614 1581 later
628 1517 730 1597 palea,
1072 1516 1137 1580 Nos
1152 1515 1278 1581 Christo
1294 1515 1487 1581 contaedere

399 1601 596 1666 Mundentnr
610 1601 651 1664 ab
666 1618 742 1664 area
1071 1599 1133 1678 Sic,
1149 1605 1186 1663 ut
1201 1599 1297 1665 donet
1312 1617 1443 1665 munera

397 1685 535 1749 Nostrae
554 1685 776 1750 coriscientiae.
1071 1683 1289 1750 Permanentis
1303 1684 1435 1765 gloriae.
1467 1684 1579 1748 11555.

414 1792 511 1848 Text.
548 1795 626 1849 ilisa.
646 1792 724 1847 fratr.
745 1792 832 1846 Paris.
854 1793 930 1843 1520.

703 2117 775 2176 442.
819 2112 871 2177 Ile
893 2134 957 2176 555
979 2113 1102 2193 cirpiae
1123 2117 1272 2193 martyre.

345 2257 373 2316 1.
399 2250 536 2313 Laetare
553 2245 637 2328 Syon
652 2246 718 2310 filia
1016 2252 1046 2311 3.
1072 2246 1162 2322 Quae
1176 2249 1360 2309 constanter
1375 2243 1529 2309 immania

397 2333 654 2414 Repraesentans
670 2331 822 2412 perennia
1072 2329 1230 2395 Sustinuit
1245 2328 1401 2411 supplicia

398 2415 524 2480 Gaudia
539 2416 618 2479 coeli
635 2415 759 2479 curiae:
1071 2414 1133 2478 Pro
1149 2412 1276 2477 Christo
1291 2429 1407 2494 sponso
1423 2411 1564 2492 gloriae:

399 2500 449 2564 En
465 2516 539 2565 rosa
554 2516 650 2579 super
665 2499 732 2563 lilia
1071 2499 1124 2564 Sic
1139 2514 1213 2562 rosa
1249 2496 1400 2562 atientiae

397 2584 565 2663 Virginuur
581 2601 639 2663 per·
654 2583 807 2663 martyria
1070 2580 1213 2646 Palmarn
1227 2517 1333 2646 ferens
1347 2579 1500 2645 victoriae

397 2668 542 2732 Vernant
555 2667 588 2730 in
602 2667 676 2731 aula
694 2667 825 2746 gloriae.
1070 2664 1442 2731 Transiitadcoelestia.

1014 2754 1043 2811 4.
1070 2748 1134 2815 Ubi
1150 2751 1258 2831 sponsi
1274 2747 1443 2827 consortia,

255 2908 257 2912 ¹
342 2837 371 2900 2.
397 2834 466 2900 Vox
481 2832 579 2914 igitur
593 2832 736 2898 laetitiae
1074 2833 1246 2915 Amplexus
1261 2839 1294 2897 et
1308 2832 1424 2898 solatia

397 2918 467 2983 Vox
482 2917 616 2983 devotae
632 2916 788 2983 melodiae
1071 2918 1205 2983 Obtinet
1219 2935 1302 2982 nunc
1317 2919 1349 2982 in
1364 2915 1491 2997 requie:

397 3004 538 3067 Resonet
552 3003 584 3066 in
599 3002 749 3067 ecclesia:
1069 3002 1119 3066 Ad
1134 3021 1230 3084 quam
1246 3001 1317 3066 lons
1335 3000 1558 3081 indulgentiae

396 3085 445 3150 nd
461 3088 613 3151 honorem
629 3086 762 3151 eximiae
1069 3085 1136 3151 Nos
1153 3086 1306 3168 perducat
1322 3090 1394 3167 post
1409 3083 1526 3149 anxiae

396 3170 549 3251 Virginis
566 3172 657 3235 cuius
670 3170 767 3234 hodie
913 3191 919 3206 ·
1069 3170 1164 3234 Vitae
1179 3170 1360 3252 praesentis
1376 3167 1483 3235 stadia

397 3253 608 3320 Celebrantur
623 3254 774 3320 solennia.
1069 3253 1130 3319 Per
1144 3256 1244 3335 ipsius
1258 3252 1419 3334 suffragia.
1450 3253 1563 3316 Amen.

414 3361 507 3417 Text.
545 3364 623 3420 Miss.
641 3361 722 3417 fratr.
742 3363 830 3419 Paris.
851 3364 929 3417 1520.

805 3773 876 3835 443.
909 3764 962 3832 De
975 3766 1179 3850 martyribus.

755 3885 871 3954 (Auctor
891 3892 935 3941 est
953 3885 1061 3942 Notlrer
1080 3887 1232 3956 Balbulus.)

349 3999 393 4077 1.
416 4011 526 4091 Agaue
548 4010 731 4092 triumphali
754 4013 891 4078 militum
912 4015 996 4097 regis
1013 4018 1126 4081 summi
1143 4017 1211 4081 dies
1226 4016 1287 4081 iste
1302 4015 1435 4081 celebris
1450 4020 1502 4080 est
1515 4012 1641 4097 populis

492 4092 618 4158 Christo
635 4095 703 4175 regi
718 4096 866 4161 credulis.

363 4182 392 4243 2.
413 4178 456 4243 Hi
473 4177 741 4244 delectamentum
754 4190 944 4263 respuerant
961 4184 1193 4250 mundanorum

364 4267 392 4327 3.
415 4262 458 4326 Et
473 4280 597 4327 crucem
612 4270 687 4328 tunc
702 4268 828 4345 turpem
843 4267 986 4347 quotidie
1004 4267 1193 4334 baiularant.

362 4353 393 4411 4.
414 4346 483 4412 Hos
496 4348 615 4412 nullius
629 4346 740 4413 feritas
755 4367 775 4413 5
790 4348 918 4415 Christo
933 4357 1071 4433 separat,

364 4434 393 4497 5.
415 4429 499 4506 Quin
514 4430 555 4495 ad
571 4450 643 4496 555
658 4433 813 4498 mortibus
828 4433 965 4499 millenis
979 4441 1160 4517 properent.

364 4517 393 4578 6.
415 4514 444 4578 N
447 4534 486 4579 on
502 4515 708 4581 carcerullus
724 4524 781 4582 aut
796 4522 909 4583 catena
922 4519 1071 4584 molliunt
1084 4517 1182 4585 fortia
1196 4522 1229 4584 in
1245 4520 1370 4585 Christo
1386 4524 1528 4601 pectora.

365 4604 392 4662 7.
415 4596 479 4663 Sed
494 4617 552 4664 nec
568 4600 706 4666 ferarum
720 4619 847 4667 morsus
862 4602 924 4668 diri
938 4609 1116 4684 martyrum
1130 4603 1266 4670 solidum
1281 4609 1435 4671 excavant
1449 4604 1601 4669 551555.

363 4685 393 4745 8.
415 4682 486 4748 Non
501 4683 669 4750 imminens
684 4686 781 4766 capiti
794 4684 921 4767 gladius
936 4688 1066 4752 territat

364 4769 393 4833 9.
416 4765 620 4835 Fortissimae
635 4769 753 4835 milites
767 4769 880 4852 optimi
893 4770 1024 4835 domini.

345 4855 394 4918 10.
415 4849 508 4916 Nunc
521 4853 690 5005 mdnlibnei
705 4855 859 4937 complexi
873 4860 1121 4937 persequentum
1135 4855 1292 4924 insultant
1305 4855 1468 4925 furoribus
1483 4852 1641 4940 qnondam

493 4951 549 5001 cru
572 4955 589 5003 e
637 4956 685 5021 55,
