3975 5800
874 618 1101 679 -·-111-

343 804 376 867 8.
402 798 593 866 consolator
606 798 699 879 alme,
715 799 798 879 veni,

401 884 542 966 linguas
556 901 640 965 rege,
656 883 755 948 corda
768 884 841 964 leni,

400 967 486 1035 Nihil
503 967 587 1033 fellis
602 972 660 1033 aut
673 968 786 1033 ueneni

400 1051 468 1119 Sub
483 1056 540 1117 tna
554 1052 745 1135 praesentio.

401 1136 453 1202 Nil
467 1136 651 1211 iucundum.
668 1137 711 1202 nil
726 1155 904 1215 amoenum,

400 1220 454 1285 Nil
470 1221 608 1299 salubre,
623 1221 668 1287 nil
683 1239 839 1298 screnum,

400 1304 487 1370 Nihil
503 1306 605 1383 dulce,
622 1306 699 1370 nilril
716 1307 844 1388 polenum

400 1388 470 1455 Nisi
484 1393 541 1455 tua
556 1390 669 1472 gratia.

343 1646 376 1705 9.
403 1639 453 1707 Tu
467 1660 503 1707 es
517 1642 624 1708 lumen
640 1649 674 1708 et
688 1647 896 1723 unguentum,

401 1724 449 1791 Tu
465 1726 604 1793 coeleste
618 1727 865 1808 condimentum,

399 1812 510 1892 Aquae
525 1810 633 1877 ditans
649 1811 840 1877 elementum

401 1894 530 1960 Virtute
544 1895 697 1979 mysterii.

1088 800 1177 866 Nova
1194 800 1271 865 iacti
1286 804 1434 865 creatura

1088 885 1134 950 Te
1149 886 1318 950 laudamus
1333 888 1439 949 mente
1456 902 1535 966 pum

1087 969 1220 1035 Gratiae
1237 987 1329 1043 riune,
1345 969 1401 1035 sed
1418 974 1534 1034 natura

1087 1054 1180 1117 Prius
1196 1055 1262 1118 irae
1278 1052 1344 1117 lilii.

1022 1143 1068 1201 lo.
1089 1137 1137 1202 Tu
1153 1138 1207 1218 qui
1222 1138 1316 1203 dator
1330 1156 1365 1203 cs
1382 1142 1414 1202 ot
1428 1139 1555 1214 donum,

1087 1221 1137 1286 Tu
1151 1223 1203 1302 qui
1220 1222 1323 1286 cordis
1338 1240 1431 1285 onrne
1447 1223 1574 1297 bouum,

1089 1306 1152 1371 Cor
1167 1307 1208 1370 ad
1223 1307 1349 1370 lotidem
1364 1306 1461 1370 redde
1478 1322 1622 1386 pronum,

1088 1391 1226 1457 Nostrae
1236 1392 1361 1471 linguae
1370 1390 1511 1455 formans
1521 1405 1643 1467 sonum,

1087 1474 1125 1538 ln
1140 1478 1197 1539 tua
1211 1474 1389 1557 paraetonio.

1087 1557 1134 1623 Tu
1151 1577 1207 1624 nos
1224 1577 1326 1641 purga
1341 1578 1360 1622 n
1375 1558 1514 1639 pecc-ntis

1089 1647 1207 1709 Auctor
1222 1644 1291 1725 ipse
1308 1644 1467 1726 puritatis,

1088 1728 1130 1792 Et
1144 1727 1176 1792 in
1192 1726 1322 1799 Christo¹
1334 1727 1496 1792 renovatis

1088 1812 1138 1875 lla
1154 1812 1315 1893 perfectae
1331 1812 1481 1877 novitatis

1088 1896 1185 1962 Plena
1201 1896 1293 1962 uobis
1308 1897 1435 1978 gaudia.

415 2030 440 2068 a.
460 2013 551 2069 Text.
587 2016 689 2071 Daniel
707 2016 742 2085 ll,
762 2020 804 2071 71.
823 2017 895 2071 olonae
913 2016 1029 2086 Anpobe
1048 2018 1097 2070 der
1117 2018 1218 2087 Quoclle.
1241 2046 1273 2055 -
1293 2016 1424 2071 Gliohtor.
1445 2014 1492 2079 Ν,
1514 2018 1573 2067 177.

414 2104 441 2159 b.
460 2102 648 2159 Louerion.
684 2108 709 2173 8,
729 2108 807 2159 5-8.
821 2105 918 2173 fetulen-
937 2105 981 2158 oei
999 2106 1108 2159 Daniel
1128 2137 1162 2145 -
1183 2110 1223 2173 10,
1244 2108 1268 2158 9.
1287 2105 1411 2174 perlecta
1430 2106 1500 2158 Dan.
1599 2145 1601 2148 .

416 2208 438 2245 e.
460 2193 609 2247 Renaerlc.
648 2198 671 2247 l.
696 2194 941 2260 „Praeclurissimu
965 2195 1067 2260 l’rosa,
1092 2211 1173 2261 quom
1199 2194 1274 2248 nulla
1299 2194 1472 2255 interiorem,
1502 2190 1645 2260 permultis

342 2263 514 2331 superiorem
534 2264 669 2333 duxerim,
687 2266 757 2320 nilril
777 2267 866 2334 spirat
884 2266 937 2320 nisi
957 2282 1055 2319 sacrae
1074 2267 1228 2334 scriptume
1249 2266 1331 2320 tiores
1347 2272 1431 2331 atque
1447 2265 1556 2318 odores.
1592 2263 1645 2315 Do·

342 2333 442 2403 lomus,
462 2335 535 2403 quod
554 2336 582 2391 in
601 2336 750 2393 Germania
768 2346 835 2392 nota
853 2336 938 2392 fuisso
957 2354 1013 2392 non
1033 2338 1167 2391 videtum*
1203 2339 1275 2392 Dan.
1294 2368 1326 2377 -
1347 2342 1372 2404 2,
1392 2341 1416 2390 o.
1445 2336 1562 2403 „l'etrus
1581 2349 1646 2402 apo·

344 2406 444 2473 stolus,
463 2407 541 2461 cuius
560 2422 660 2462 nomen
679 2408 915 2464 diePenteeostes
934 2416 963 2463 et
982 2425 1062 2462 omen
1081 2410 1209 2475 habehat,
1229 2409 1372 2463 confertur
1390 2424 1449 2463 eum
1469 2414 1549 2477 petra
1561 2406 1647 2460 melli-

342 2474 402 2531 ilua
421 2478 449 2532 in
468 2478 606 2533 deserto.“
643 2479 713 2534 Dun.
750 2511 785 2520 -
821 2484 847 2549 3,
866 2481 891 2533 6.
916 2480 1088 2536 Exludaeis
1107 2482 1279 2551 etgentibus
1298 2480 1499 2536 ecclesianam
1518 2486 1569 2533 est.
1606 2478 1646 2533 cf.

342 2546 448 2617 Ephcs.
469 2552 498 2617 2,
518 2553 552 2605 lo
569 2564 611 2620 sq.

894 2714 1090 2723 u———n—--ss

705 2831 774 2894 129.
818 2828 869 2894 Dc
893 2827 1071 2913 festivitate
1097 2831 1298 2909 perdeeosles.

730 2948 846 3017 (Auctor
864 2953 908 3005 est
926 2949 1014 3004 Adam
1034 2949 1068 3004 de
1087 2949 1113 3004 S.
1133 2947 1265 3012 Victore.)

348 3069 375 3128 1.
402 3063 542 3150 Simplex
558 3065 591 3130 in
606 3066 747 3132 essentia

403 3147 604 3232 Septifmmis
618 3150 723 3232 gratia

402 3233 469 3299 Nos
484 3233 636 3300 reformet
650 3235 798 3318 spiritus:

404 3317 518 3384 Gordia
532 3318 650 3384 lustret
665 3321 816 3386 tenebras

404 3401 446 3467 Et
461 3403 566 3468 narniis
581 3402 749 3469 illecebras

402 3485 472 3550 Lux
486 3486 603 3552 omissa
617 3487 760 3554 coelitus.

348 3569 377 3630 2.
404 3569 468 3634 Lex
482 3573 656 3652 praecessit
672 3573 704 3636 in
719 3571 832 3652 figrrra,

402 3653 469 3718 Lex
484 3656 635 3737 poenalis,
653 3657 704 3721 lex
718 3657 854 3722 obseura

402 3737 524 3804 Lumen
540 3740 772 3821 evangelicum:

404 3821 566 3904 Spiritalis
581 3824 762 3890 intellectus

402 3905 537 3973 literali
552 3906 665 3973 fronde
680 3914 787 3975 tectus

403 3991 542 4057 l’rodeot
556 3993 589 4058 in
603 3992 775 4074 publicum.

345 4073 376 4130 3·
402 4075 469 4140 Lex
485 4075 524 4142 de
539 4080 646 4142 monte
666 4075 782 4160 populo

402 4157 516 4226 Paucis
530 4159 563 4224 in
579 4161 750 4226 coenaculo

402 4241 492 4308 Nova
507 4242 603 4308 datur
618 4246 739 4324 gratia:

402 4327 491 4392 Situs
506 4328 600 4394 docet
615 4346 674 4392 nos
689 4319 840 4405 locorum}

403 4409 649 4492 Praeceptorum
666 4413 714 4478 uel
731 4413 884 4478 donorum

403 4493 493 4571 Quae
509 4497 574 4560 sint
593 4497 774 4562 eminentia.

345 4585 377 4644 4.
402 4579 499 4658 Ignis,
516 4581 655 4662 clangor,
671 4581 832 4658 buccinae,

403 4661 528 4744 Fragor
543 4682 614 4730 cum
630 4665 774 4746 caligine,

403 4747 600 4830 lampadum
617 4749 773 4814 discursio

403 4829 571 4898 Terrorem
587 4833 755 4912 incutiunt,

403 4913 471 4982 Nee
484 4933 626 4982 amorem
641 4919 797 4998 nutriunt,

406 4995 508 5076 Quem
523 4999 636 5068 effudit
650 5001 767 5068 unctio.

1021 3074 1050 3133 5.
1078 3066 1130 3132 Sic
1144 3067 1176 3130 in
1192 3065 1268 3131 Sina
1282 3063 1333 3130 lex
1349 3063 1456 3129 ‹lirirm

1076 3151 1151 3215 Rois
1168 3154 1217 3216 est
1236 3149 1396 3230 imposita,

1076 3238 1140 3301 lrex
1156 3235 1290 3310 timoris
1306 3251 1369 3297 non
1384 3231 1501 3298 auroris

1075 3319 1214 3383 Puniens
1229 3317 1350 3382 illicito.

1022 3461 1049 3520 6.
1076 3453 1158 3516 Eece
1173 3457 1283 3533 potres
1298 3448 1468 3532 praeelecti

1075 3537 1125 3601 liii
1142 3540 1287 3600 recentes
1302 3539 1377 3599 srmt
1392 3532 1506 3609 cilenti,

1077 3621 1197 3702 (lulpue
1214 3620 1342 3684 solvunt.
1357 3617 1499 3681 vincula:

1076 3705 1195 3770 l‘lnunt.
1209 3703 1317 3776 verbo,
1332 3706 1444 3766 ornant
1460 3699 1563 3772 ruinis,

1077 3789 1174 3854 Novis
1190 3787 1307 3868 linguis
1322 3792 1352 3850 et
1370 3784 1523 3849 doctrinis

1077 3875 1262 3938 Cousouont
1276 3870 1438 3935 miracula.

1022 4016 1049 4073 7.
1078 4007 1275 4072 llxlribcutes·
1292 4003 1396 4084 aegris
1412 4021 1530 4076 curum,

1076 4091 1223 4156 illorlmm
1241 4091 1402 4167 ilarnnnnt,
1415 4107 1478 4152 riou
1490 4090 1648 4163 indorum,

1078 4175 1311 4256 l‘crsequentes
1327 4171 1462 4238 scelera:

1077 4260 1162 4323 lloos
1177 4263 1327 4340 proruunt
1342 4262 1375 4320 et
1390 4254 1558 4332 castigant.

1076 4344 1172 4408 llodo
1188 4343 1326 4419 solvunt,
1344 4341 1436 4404 modo
1452 4340 1553 4418 ligant

1078 4428 1242 4493 l'otcstato
1260 4426 1370 4490 liberm

1022 4587 1050 4642 8.
1078 4578 1200 4659 'l'ypurn
1218 4575 1299 4657 gerit
1318 4573 1426 4640 iubilei

1079 4663 1154 4725 llius
1169 4662 1238 4732 iste,
1254 4661 1278 4723 si
1296 4659 1356 4723 diei

1079 4745 1226 4826 ltequiris
1241 4743 1408 4826 mysteria:

1079 4832 1116 4894 ln
1131 4849 1194 4909 quo
1210 4830 1314 4894 tribus
1330 4827 1471 4891 millilms

1080 4914 1129 4980 Ad
1144 4913 1239 4977 tidem
1255 4911 1457 4977 currentibus

1079 4997 1223 5063 Pullulat
1236 4996 1380 5062 ecclesio.
