3975 5800
886 599 1095 664 ..52-

342 792 370 853 6.
394 780 521 847 Candor
535 781 647 860 vestis,
667 781 820 863 splendor
835 781 924 865 lucis,
1034 787 1064 847 9.
1085 780 1147 847 Hic
1161 783 1214 854 est
1227 780 1319 862 lapis,
1336 798 1430 862 quem
1446 781 1601 851 reiectum

392 866 454 931 Pro
470 871 601 947 peccato
617 884 745 931 carnem
761 867 863 933 crucis
1086 868 1115 930 A
1129 865 1269 944 Iudaeis,
1285 863 1342 930 sed
1356 867 1495 932 electum

392 950 528 1016 Affixem
544 950 717 1031 supplicio:
1087 949 1481 1033 Nuncincaputanguli:

394 1034 573 1100 Gloriosam
589 1033 652 1099 iam
668 1033 812 1100 effectam
1030 1068 1042 1087 ·
1087 1033 1226 1099 Deitatis
1240 1033 1273 1098 in
1288 1033 1469 1115 splendore,

393 1118 797 1197 Designabatetevectam
1088 1118 1157 1183 Imo
1171 1118 1272 1183 vestis
1286 1118 1320 1183 in
1335 1118 1460 1198 decore,

392 1203 492 1268 Verbi
508 1201 684 1285 privilegio.
1088 1201 1248 1267 Viderunt
1263 1199 1420 1285 discipuli.

342 1296 371 1354 7.
386 1289 492 1369 Atque
508 1286 670 1352 Christum
685 1305 745 1352 vox
760 1287 873 1368 fidelis,
1017 1292 1066 1355 10.
1088 1288 1116 1353 Α
1131 1285 1296 1369 prophetis
1311 1287 1531 1369 praedicatum

394 1371 465 1436 Non
482 1370 522 1436 de
536 1371 641 1450 terris,
662 1371 719 1437 sed
735 1371 774 1437 de
789 1372 886 1438 coelis
1090 1370 1314 1451 Cognoverunt
1327 1369 1593 1438 transformatum

393 1455 735 1520 DeivocansFilium:
1089 1455 1178 1520 Inter
1192 1453 1358 1519 animalia:

393 1540 510 1604 Formi.
523 1537 633 1604 nostra
647 1539 827 1620 parvitatis,
1089 1537 1177 1615 Quae
1192 1538 1348 1621 propheta
1362 1538 1570 1621 praedicavit,

396 1623 613 1689 obumbratae
631 1623 770 1689 Deitatis
1088 1623 1188 1689 Verbi
1202 1623 1263 1688 Dei
1277 1641 1349 1688 cum
1363 1623 1493 1706 expavit

393 1707 533 1773 Praebet
546 1707 774 1774 testimonium.
1088 1707 1126 1772 In
1142 1725 1237 1772 carne
1252 1707 1423 1789 magnalia.

343 1795 373 1856 8.
395 1791 434 1856 In
449 1809 587 1874 persona
601 1811 665 1858 una
680 1791 801 1858 Christi
1017 1797 1066 1857 11.
1090 1791 1158 1857 Tua
1172 1788 1234 1855 11111
1250 1791 1379 1872 visione,

394 1876 593 1941 EcceDeum
609 1876 787 1958 cognovisti
1088 1876 1512 1956 Praepararinoscorouae,

395 1961 537 2043 Virginis
552 1967 587 2026 et
600 1960 715 2027 filium:
1087 1960 1158 2026 Non
1173 1960 1321 2042 indiguos
1336 1977 1457 2027 annue:

396 2043 501 2110 Unam
516 2051 623 2111 tamen
638 2047 684 2112 sic
699 2044 865 2117 concedas,
1088 2041 1151 2109 Sed
1165 2044 1321 2110 haeredes
1336 2062 1395 2112 nos
1409 2044 1563 2123 ascribas,

396 2128 487 2205 Quod
510 2139 643 2197 naturas
658 2131 738 2196 duas
753 2129 876 2210 credas,
1087 2127 1125 2193 In
1140 2127 1278 2194 Iordane
1293 2130 1349 2211 qui
1363 2128 1511 2212 praeibas

394 2214 448 2278 Ius
464 2220 629 2280 servantes
644 2216 817 2299 proprium.
1089 2212 1157 2278 Nos
1170 2213 1331 2295 quondam
1342 2214 1509 2297 perIosue.
1530 2213 1642 2278 Amen.

415 2355 440 2394 a.
459 2338 550 2394 Text.
587 2341 675 2397 Neale
694 2359 721 2412 p.
741 2346 801 2398 151.
820 2356 835 2396 e
854 2340 932 2397 Miss.
952 2339 1123 2396 Tornacensi
1142 2343 1219 2395 1540.
1234 2340 1380 2397 —Daniel
1398 2339 1433 2411 V,
1451 2342 1505 2396 287
1522 2338 1574 2395 bat
1592 2340 1647 2395 deo

343 2408 415 2466 Text
433 2428 485 2466 aas
504 2412 600 2467 Neale.

412 2519 438 2573 b.
456 2516 640 2573 Leocrten.
677 2521 707 2588 7,
738 2521 761 2572 1.
786 2518 890 2573 Christi
908 2517 992 2573 Torn.
1013 2548 1048 2558 -
1068 2522 1093 2588 7,
1114 2521 1140 2573 4.
1160 2517 1305 2588 pravitatis
1325 2518 1410 2575 Torn.
1429 2550 1464 2562 -
1482 2520 1509 2585 9,
1529 2522 1554 2574 1.
1574 2534 1647 2589 quae

342 2588 480 2644 deiectum
499 2590 583 2645 Torn.
602 2621 636 2632 -
656 2592 698 2660 11,
717 2592 743 2643 2.
762 2590 928 2658 Praeparati
948 2591 1032 2645 Torn.

412 2707 435 2745 e.
453 2689 582 2746 Bemcrb.
619 2695 643 2745 9.
662 2690 807 2763 „Respicit
824 2698 908 2763 poeta
926 2706 1038 2746 carmen
1053 2692 1250 2748 Adamianum:
1269 2691 1446 2763 Reprobatus
1465 2697 1495 2747 et
1513 2693 1644 2749 abiectus

341 2763 428 2830 Lapis
446 2765 508 2831 iste,
526 2779 600 2818 nunc
617 2763 731 2831 electus,
750 2764 783 2818 In
801 2764 967 2833 trophaeum
986 2771 1044 2818 stat
1062 2772 1180 2834 erectus,
1198 2766 1236 2820 Et
1253 2765 1281 2820 in
1300 2771 1385 2834 caput
1403 2762 1523 2833 augull.“
1545 2764 1646 2820 Neale.

342 2865 376 2874 -
399 2839 438 2889 10.
457 2834 561 2904 „Poeta
578 2835 654 2889 illem
673 2836 809 2905 Vulgatae
829 2836 989 2905 scripturae
1007 2835 1154 2891 lectionem
1172 2837 1219 2905 „in
1238 2837 1328 2893 medio
1347 2835 1465 2892 duorum
1483 2836 1646 2892 animalium

342 2908 519 2964 innotesces
538 2907 574 2964 ad
592 2908 710 2978 Moysen
729 2915 758 2964 et
775 2908 886 2964 Heliam
904 2906 1010 2963 referre
1028 2909 1190 2978 praetulit.“
1208 2909 1307 2966 Neale.

897 3085 1086 3093 ——u--n—u-

692 3213 743 3296 4'2.
784 3226 827 3293 In
848 3226 1128 3311 transfiguratione
1149 3225 1295 3293 Domini.

364 3393 392 3453 1.
416 3387 586 3470 Speciosus
601 3387 703 3453 formis
718 3406 796 3469 prae
811 3388 896 3453 natis
910 3387 1073 3452 hominum
1087 3387 1188 3467 Iesus

363 3476 392 3536 2.
414 3472 548 3538 Vultum
564 3472 747 3537 desiderant
762 3474 852 3538 euius
868 3472 981 3551 Angeli
996 3470 1148 3537 deifluum
1162 3470 1290 3549 intueri,

365 3562 393 3621 3.
416 3556 479 3621 Pro
494 3557 587 3622 nobis
603 3556 792 3634 exinanitus,
810 3558 842 3620 in
858 3554 960 3620 sormi
975 3557 1057 3621 servi
1074 3557 1141 3621 Rex
1157 3555 1350 3634 humiliatus,

364 3645 393 3705 4.
415 3641 521 3706 Hodie
535 3638 656 3705 formae
671 3641 785 3721 pandit
795 3639 920 3705 divinae
930 3640 1034 3705 lucem
1045 3640 1241 3706 inaccessam
1253 3656 1311 3721 per
1322 3638 1425 3702 lucem
1437 3637 1648 3719 symbolicam

365 3729 393 3792 5.
416 3725 453 3789 In
475 3729 582 3871 moute
601 3723 849 3803 transfiguratus
872 3724 966 3804 celso,
990 3742 1085 3790 verus
1106 3725 1175 3807 ipse
1198 3741 1287 3788 mons
1311 3722 1466 3787 montium
1491 3724 1648 3789 excelsior

494 3825 550 3873 coe
565 3825 592 3872 o.

366 3897 394 3958 6.
417 3891 518 3957 Vultu
533 3892 602 3969 soli,
618 3896 707 3957 veste
722 3891 870 3974 pernisi,
885 3892 1011 3973 qualem
1027 3893 1086 3958 soli
1103 3898 1168 3958 tres
1183 3892 1355 3958 cernebant
1370 3890 1497 3971 deividi,

367 3982 396 4042 7.
420 3976 511 4056 Coro,
528 3976 669 4056 sanguis,
684 3995 747 4041 uon
762 3976 925 4056 revelavit,
940 3977 999 4043 sed
1015 3978 1111 4042 Peter
1125 3977 1284 4049 coelestis,
1300 3976 1390 4041 cuius
1406 3992 1467 4041 vox
1481 3974 1598 4041 edixit:

365 4065 394 4127 8.
419 4061 501 4136 ,,Η11
515 4066 564 4127 111
575 4061 678 4125 Natus
692 4060 769 4125 mihi
785 4060 929 4139 dilectus,
946 4061 1007 4126 toti
1022 4060 1140 4127 mundo
1155 4060 1353 4138 audiendus3

365 4151 394 4210 9.
417 4145 510 4211 Hunc
525 4144 689 4210 docentem
705 4163 831 4227 semper
844 4145 963 4219 audite,
979 4147 1039 4211 soli
1055 4163 1165 4211 omues
1181 4145 1361 4210 obaudite.“

347 4234 395 4295 10.
418 4230 445 4294 0
460 4247 535 4294 vere
549 4230 681 4294 nimium
696 4230 792 4302 beati,
808 4230 901 4294 huius
915 4232 1030 4296 secreti
1046 4231 1174 4302 conscii,

346 4316 394 4379 ll.
418 4314 475 4389 Tu,
491 4312 595 4390 Petre,
610 4312 733 4385 lacobe,
748 4313 895 4387 loannes.
910 4332 948 4379 ex
964 4316 1074 4380 electis
1090 4313 1185 4379 electi
1200 4312 1283 4378 tresl

347 4402 394 4463 12.
417 4398 565 4547 Mirabgle
579 4402 736 4462 secretum
752 4403 800 4462 est
815 4399 906 4464 vobis
917 4401 1104 4478 revelatum,
1116 4416 1196 4479 quos
1208 4398 1309 4463 nubes
1322 4395 1534 4477 obumbravit,
1549 4396 1646 4462 Pater

496 4502 513 4548 e
537 4482 631 4548 ocuit.

346 4571 395 4632 13.
418 4566 856 4715 Nubes‘llneiecnonterrorem,
868 4565 1245 4649 sedgratiaedatrorem;
1264 4563 1425 4633 nonfumo
1437 4564 1644 4646 subobscura,

496 4669 531 4715 se
580 4667 733 4716 uc1vorna.

346 4741 395 4802 14.
420 4734 447 4801 0
462 4754 619 4801 summum
634 4733 772 4816 gratiaci
795 4751 852 4799 vos
867 4734 1067 4817 condignum.
1084 4734 1267 4816 Boanergel

347 4824 395 4885 11.
419 4821 476 4897 Tu,
492 4820 640 4901 claviger,
657 4836 752 4884 earne
767 4817 896 4895 dormis,
912 4820 967 4883 sed
982 4821 1118 4901 impiger
1132 4819 1237 4885 corde.

346 4909 395 4973 16.
417 4904 455 4971 In
474 4905 557 4970 hunc
578 4908 716 4970 montem
736 4902 938 4969 conscendite
952 4911 1025 4985 post
1039 4911 1107 4970 tres
1121 4903 1212 4983 istos,
1239 4903 1279 4969 de
1293 4904 1397 4970 tribus
1414 4901 1532 4984 quique
1546 4902 1643 4968 tomis

495 4992 612 5070 terrae,
