3975 5800
936 536 1168 600 ...190-

407 724 436 784 2.
463 717 585 798 Grande,
602 721 677 801 quia
691 720 759 785 Deo
775 722 869 803 plena

461 804 619 884 l'operisti
635 806 703 868 siue
720 824 821 886 piune

462 888 540 952 Curu
558 888 687 970 [traderis
707 890 782 956 lilio.

406 1104 434 1161 :a
460 1098 582 1175 (leude,
599 1098 724 1179 plaude,
743 1118 813 1163 ruam
830 1104 976 1179 prostorcs

462 1182 688 1247 tieriuulieetunt
703 1183 875 1248 culoruutes

461 1268 560 1341 tlueru
577 1273 667 1331 lones
681 1268 713 1330 iu
730 1270 867 1345 greiuio:

460 1351 583 1427 Geurrde,
599 1352 673 1431 quio
688 1353 772 1430 surrigi
789 1353 872 1417 ‹lonu

460 1433 527 1497 l'uo
544 1443 618 1499 nato
634 1435 740 1499 lerunut
758 1434 841 1501 bona

462 1517 539 1581 Cum
556 1538 670 1599 rrruguo
687 1522 846 1600 austerio.

404 1758 410 1775 ι
427 1778 433 1789 .
461 1728 584 1808 llxuuude,
601 1729 676 1809 quiin
691 1730 780 1792 iuxta
796 1729 898 1810 ligem

460 1813 613 1876 lllutullsti
631 1813 737 1876 rutundi
754 1833 863 1893 regern

462 1896 495 1958 lu
512 1897 621 1977 templi
636 1899 789 1964 sacrario:

460 1981 580 2056 (iulide,
597 1982 671 2059 «piria
686 2000 780 2062 quiem
796 1981 958 2061 quieuesisti,

461 2065 559 2127 luctu
575 2066 668 2128 nimis
685 2065 835 2130 invenisti

461 2148 495 2210 ln
511 2149 675 2212 doctorum
693 2150 807 2214 modio.

475 2255 564 2310 l'cet.
602 2257 680 2312 bliss.
699 2256 778 2312 fratr.
799 2259 886 2314 Puris.
908 2262 984 2313 1520.

1080 724 1109 784 5.
1136 717 1257 801 Gaude,
1272 735 1347 783 uena
1361 735 1400 782 ex
1414 734 1502 799 aqua
1518 715 1627 781 viuum

1134 803 1179 868 Tc
1196 808 1326 887 optante
1340 801 1417 867 iecit
1430 803 1552 868 bonum

1136 888 1197 953 Pro
1212 886 1313 970 primo
1329 885 1492 969 prodigio:

1136 972 1257 1050 Gaude,
1272 972 1349 1052 qun
1364 971 1410 1035 tui
1429 971 1509 1049 uati,

1136 1056 1233 1133 Quem
1249 1055 1379 1120 dolebas
1395 1058 1530 1119 mortem
1549 1053 1626 1136 pati,

1136 1141 1193 1205 l'ul
1198 1144 1252 1222 get
1265 1141 1467 1204 resurrectio.

1081 1228 1108 1287 6.
1137 1225 1249 1290 Gaude
1264 1223 1390 1289 Christo
1405 1222 1611 1299 aseendente,

1135 1308 1195 1385 Qui
1211 1310 1242 1372 in
1258 1307 1352 1372 coelis
1366 1315 1398 1373 te
1414 1307 1545 1372 uidente

1135 1394 1225 1458 llotu
1242 1391 1345 1457 fertur
1360 1391 1505 1475 proprio:

1136 1477 1248 1542 (iulide
1264 1478 1364 1558 uirgo,
1381 1476 1456 1556 quia
1471 1475 1561 1539 misit

1136 1562 1346 1643 l'araclytum,
1362 1578 1456 1707 quem
1472 1557 1620 1641 promisit

1135 1645 1303 1710 Sacrorum
1320 1645 1368 1709 col
1382 1645 1463 1725 egio.

1079 1731 1107 1787 7.
1135 1730 1256 1809 Gaude,
1272 1744 1356 1809 quae
1367 1735 1439 1809 post
1450 1728 1557 1809 ipsum
1572 1743 1639 1791 sear

1135 1815 1177 1878 ln
1193 1820 1242 1879 est
1258 1814 1359 1877 bonor
1376 1811 1434 1877 tibi
1449 1811 1582 1891 grandis

1135 1901 1171 1963 ln
1186 1898 1264 1962 coeli
1280 1897 1417 1978 palatio:

1134 1981 1196 2046 Ubi
1210 1982 1333 2047 fructus
1348 1979 1468 2046 ventris
1483 1977 1532 2044 tui

1135 2066 1196 2130 Per
1211 2073 1244 2131 te
1259 2065 1350 2131 nobis
1366 2066 1459 2128 detur
1473 2061 1536 2127 frui

1054 2142 1057 2210 Ι
1133 2150 1171 2215 Iu
1186 2150 1318 2232 perenni
1334 2148 1459 2230 gaudio.

851 2521 922 2581 244.
966 2515 1019 2581 Dc
1040 2517 1131 2581 beo-to
1153 2516 1202 2579 M.
1226 2514 1259 2578 V.

425 2686 431 2698 .
460 2639 541 2701 :ludi
557 2640 655 2719 virgei,
673 2645 774 2704 uniter
790 2640 909 2706 (luisti

459 2724 547 2798 (lurae
562 2742 618 2804 per
634 2723 748 2788 duunrcu
765 2726 939 2808 concepisti

459 2806 620 2871 Gabrielis
635 2809 764 2872 nuncio:

458 2890 541 2955 nun
557 2892 632 2972 qiua
647 2892 714 2957 lleo
729 2893 825 2974 pleno

459 2976 616 3058 Peperisti
633 2977 701 3042 sinc
717 2996 818 3058 poena

459 3063 537 3123 llum
554 3062 684 3142 puuloris
699 3060 776 3127 lilio.

404 3149 431 3207 2.
461 3145 542 3209 *turdi
561 3146 673 3227 liugos
690 3146 867 3224 erlvenissn

458 3232 588 3304 Aurum,
606 3231 688 3309 thus,
705 3230 865 3312 myrrham
883 3231 1011 3296 dedisse

459 3314 526 3378 'l'uo
544 3313 730 3395 Unigenito:

1135 2640 1227 2720 Audi,
1244 2638 1372 2702 Christo
1391 2637 1558 2716 moriente,

1135 2725 1217 2800 Quia
1233 2724 1300 2805 ipso
1316 2721 1534 2803 triumphante

1134 2809 1251 2873 Nostra
1265 2808 1301 2872 fit
1316 2805 1502 2888 redemptio.

1079 2901 1107 2959 3.
1135 2893 1228 2971 Audi,
1244 2891 1319 2974 quio
1335 2891 1382 2955 tui
1397 2890 1474 2968 noti,

1135 2976 1235 3053 Quem
1251 2976 1382 3041 dolebas
1397 2982 1530 3040 mortem
1548 2976 1628 3057 peti,

1134 3062 1250 3142 Fulget
1263 3059 1467 3126 resurrectio:

1134 3146 1228 3222 Audi,
1245 3143 1371 3209 Christo
1386 3143 1588 3222 ascendente,

1135 3230 1195 3308 Qui
1210 3230 1243 3293 in
1259 3230 1373 3308 coelos,
1387 3233 1420 3292 te
1436 3228 1574 3308 uidente,

1133 3315 1224 3379 Motu
1239 3314 1340 3378 fertur
1355 3313 1492 3394 proprio.

478 3420 570 3475 leet.
609 3424 709 3477 Daniel
728 3423 762 3491 V,
782 3429 842 3478 333.
862 3441 876 3474 e
896 3424 973 3479 miss.
993 3425 1155 3492 Strcugensi
1182 3423 1321 3492 (Lubecao
1342 3422 1421 3490 1487)
1448 3422 1479 3474 in
1498 3421 1637 3475 Ecclesiol

402 3494 510 3548 nevil.
531 3497 600 3563 Aug.
622 3498 699 3550 1853.
720 3513 745 3563 p.
767 3499 827 3549 230.

712 3739 782 3800 245.
827 3735 879 3800 Dc
894 3743 1010 3818 septeni
1022 3738 1153 3819 pondiis
1168 3737 1195 3801 b.
1214 3758 1238 3801 u.
1256 3736 1396 3801 Mortuo.

444 3864 555 3928 Gaude
572 3867 660 3946 uirgo
675 3868 714 3931 de
730 3871 828 3934 coelis
845 3876 904 3935 etc.

473 3971 566 4026 Teu-l.
607 3974 707 4029 Dieseu
728 3979 846 4048 elirfoup
864 3980 914 4033 luat
933 3980 1034 4034 Daniel
1054 3981 1087 4045 V,
1110 3983 1168 4032 13b'.
1188 3996 1239 4032 oio
1260 3979 1325 4033 Cod.
1346 3981 1371 4032 S.
1389 3979 1459 4032 Gall.
1480 3982 1533 4032 546
1552 3976 1639 4044 (Bran

643 4276 714 4334 alb.
759 4269 808 4334 Dc
823 4271 1038 4351 ‹msucirpaiicuoo
1054 4270 1162 4336 belliue
1177 4272 1310 4337 Morino
1324 4274 1468 4350 oiipinis.

426 4410 449 4466 l.
475 4405 540 4466 ileo
558 4403 614 4466 llei
630 4406 766 4480 eninm
783 4405 907 4483 suuriuni,
923 4405 1013 4485 virgo
1029 4406 1277 4487 sernperMarlu,
1290 4408 1383 4471 stello
1399 4410 1496 4473 lituris
1512 4408 1639 4491 pruelue

422 4495 449 4550 2.
475 4487 727 4554 (linistiunorum
744 4491 849 4567 decus,
866 4490 974 4553 muudi
990 4489 1079 4554 salus
1094 4496 1127 4553 et
1143 4490 1278 4554 domina.

422 4578 450 4635 3.
475 4573 517 4635 ln
533 4591 605 4636 rrum
623 4573 716 4637 licata
731 4575 940 4654 uiriuuistique
955 4590 1067 4655 parere
1080 4593 1188 4655 regem
1204 4574 1405 4648 ditissimum,

421 4663 449 4719 l.
474 4656 572 4720 Cuius
588 4675 670 4720 iruuc
686 4677 817 4738 mgnum
833 4657 1025 4722 dominando
1040 4663 1076 4722 tu
1091 4658 1235 4738 possides
1251 4663 1287 4722 ut
1302 4666 1405 4723 rnater
1418 4659 1484 4723 lilii.

423 4746 450 4802 5.
475 4739 676 4822 Quiepropter
692 4748 723 4805 to
739 4744 927 4822 rogitemus,
943 4749 980 4805 ut
993 4760 1052 4823 pro
1067 4742 1183 4806 nostris
1199 4743 1372 4809 sceleribus

424 4832 451 4885 u.
475 4823 577 4887 l'uum
593 4826 776 4908 interpellas
793 4834 912 4906 iratum,
928 4826 982 4908 qui
998 4845 1117 4908 negare
1132 4828 1176 4892 nil
1192 4827 1251 4892 tibi
1266 4828 1345 4892 vult.

423 4911 452 4969 7.
475 4906 547 4988 Fac,
564 4914 600 4972 ut
614 4928 669 4991 per
683 4911 783 4993 ipsius
799 4911 1030 4992 benignitatem
1045 4917 1077 4976 et
1092 4916 1149 4976 tua
1163 4911 1278 4976 merita
