3975 5800
900 780 1110 840 ..73-

342 963 378 1025 2.
402 956 531 1023 Primus
545 974 663 1041 parans
677 955 756 1038 ligni
771 954 910 1024 fructum

405 1041 557 1123 carpens,
573 1042 754 1123 generalem
769 1042 889 1108 luctum

403 1125 548 1192 Posteris
563 1127 755 1208 promeruit:

404 1210 506 1292 Ligno
521 1211 603 1275 tirus
617 1210 649 1274 in
666 1210 727 1275 hoc
739 1210 827 1276 Deus

404 1294 540 1369 Damna,
556 1295 644 1359 velut
658 1294 752 1360 homo
767 1313 850 1374 roua,

404 1377 561 1444 Innocens
577 1379 730 1444 restituit.

345 1466 378 1527 3.
405 1462 500 1529 Salve
515 1463 637 1544 lignum
652 1463 862 1545 triumphalel

404 1546 517 1613 Mundi
532 1566 608 1613 sera
623 1546 710 1613 salos
725 1546 806 1622 vale,

1080 959 1129 1024 Tu
1143 956 1296 1023 vexillum
1312 974 1346 1023 es
1359 956 1477 1038 regale,

1079 1042 1128 1107 Tu
1143 1061 1201 1107 nos
1216 1042 1289 1106 hinc
1303 1060 1361 1123 per
1375 1041 1504 1106 modum
1519 1039 1625 1107 scalae

1079 1127 1186 1192 Ducas
1201 1126 1242 1191 ad
1258 1126 1418 1191 coelestia.

1024 1215 1053 1274 4.
1079 1211 1154 1276 Iesu
1171 1211 1501 1290 crucistconsecraton

1079 1295 1183 1360 Morte
1198 1296 1310 1359 mortis
1325 1295 1550 1378 triumphator,

1080 1378 1146 1446 Nos
1160 1397 1219 1462 per
1233 1385 1322 1444 tuam
1337 1380 1517 1462 passionem

1078 1463 1149 1528 Duc
1162 1468 1365 1546 praesentem
1380 1469 1455 1545 post
1469 1480 1603 1545 agonem

1078 1549 1129 1612 Ad
1144 1554 1274 1614 aeterna
1288 1548 1416 1629 gaudia.
1445 1550 1556 1613 Amen.

420 1672 445 1710 a.
464 1655 562 1709 Text.
598 1655 686 1711 Neale
704 1673 731 1725 p.
750 1659 812 1713 263.
832 1672 847 1711 e
865 1655 944 1713 Mica.
964 1654 1138 1712 Nidroaienai
1159 1656 1652 1726 1519.-Danieiv,1aa.natdn1

344 1726 419 1782 Text
438 1744 490 1782 aas
508 1727 606 1782 lt'cale.

419 1816 446 1871 b.
466 1815 650 1870 Lesorten.
689 1819 756 1884 1,2.
786 1815 817 1883 Q.
836 1814 951 1869 hoodie
970 1813 1125 1869 secitDan.
1162 1846 1197 1856 -
1234 1820 1259 1884 2,
1278 1819 1304 1870 2.
1332 1823 1494 1886 generatum
1519 1815 1590 1870 Dan.
1617 1845 1651 1855 -

344 1892 375 1955 2,
394 1891 421 1942 5.
438 1887 528 1957 Ligno
546 1888 618 1943 fixus
635 1887 690 1941 hoc
707 1887 784 1942 Deus
801 1886 911 1941 Damna
929 1886 1005 1940 velut
1022 1901 1088 1941 reus
1106 1887 1186 1941 Nidr.
1205 1917 1239 1926 -
1259 1891 1283 1957 3,
1299 1891 1325 1942 2.
1344 1889 1387 1942 Ex
1406 1903 1464 1957 seq.
1483 1886 1651 1942 Adamiana:

344 1960 462 2029 „Crucis
480 1958 578 2013 laudes
596 1959 782 2015 extollamua“
800 1958 874 2014 hunc
892 1971 1004 2013 versum
1022 1965 1167 2013 mutuatur
1185 1965 1277 2028 poeta.
1302 1960 1337 2014 N.

761 2240 810 2301 69.
854 2234 905 2301 De
926 2234 1029 2300 enims
1050 2232 1237 2298 inventione.

345 2377 374 2436 1.
402 2369 485 2450 Regi
515 2367 673 2465 coelorum
711 2375 821 2436 nostra
854 2377 976 2451 pangat

444 2470 597 2530 armonia,

402 2536 593 2602 rationabile
609 2537 658 2602 cui
675 2537 785 2603 thema

403 2639 515 2686 vocum
530 2622 654 2686 relaxet
668 2640 797 2703 organa.

403 2705 612 2788 Triumphum
625 2705 712 2771 illius
727 2722 822 2789 super
836 2710 925 2771 astra

402 2790 549 2855 redemta
562 2788 669 2855 ierant
687 2792 825 2871 agmina.

340 2878 374 2939 2.
403 2874 493 2941 Haec
508 2880 618 2941 entant
632 2873 718 2940 festa

403 2959 550 3025 melodiis
565 2959 694 3042 inclyta,

403 3062 485 3126 quae
510 3044 705 3125 protoplasti
734 3044 874 3110 reddunt
901 3047 976 3122 post

444 3127 615 3193 maledicta

404 3231 518 3278 amena
532 3212 677 3291 virentia,

1078 2364 1212 2443 scandit,
1228 2361 1409 2446 quadrifida

1077 2449 1187 2514 mundi
1203 2449 1354 2514 damnata

1077 2552 1218 2616 purgans
1234 2534 1374 2616 optimus
1389 2529 1527 2595 climata.

1022 2641 1051 2699 4.
1078 2633 1167 2711 Quae
1193 2632 1253 2699 tibi
1279 2630 1419 2716 (demus)
1450 2629 1555 2696 laudis
1584 2647 1653 2695 car·

1121 2719 1217 2796 mina,

1077 2822 1096 2866 o
1110 2803 1166 2867 lux
1181 2800 1391 2879 sanctissima,

1078 2887 1174 2965 salus,
1190 2886 1302 2968 gloria,

1077 2973 1191 3051 virtus,
1207 2969 1385 3048 clementia,

1078 3075 1140 3139 par
1157 3057 1310 3137 preciosa,
1326 3053 1421 3132 celsa,

1079 3140 1249 3221 splendida
1263 3156 1396 3219 gemma,

1079 3223 1210 3289 luciflua
1224 3223 1367 3287 victoria.

404 3297 512 3380 lapsus
528 3298 582 3378 qui
598 3298 663 3360 ruit
678 3314 734 3379 per
748 3295 955 3365 incitamenta
1022 3332 1052 3390 4Ι
1078 3324 1141 3390 per
1156 3330 1188 3389 te
1204 3324 1360 3389 Tartarea

403 3382 543 3464 paradisi
559 3380 598 3445 de
614 3380 690 3445 sede
704 3379 851 3445 lacuaria.

343 3467 376 3526 3.
405 3465 475 3531 Tali
491 3464 624 3530 lascivia

405 3552 503 3633 stirps
519 3550 667 3627 humana

405 3636 485 3717 proh
500 3634 600 3711 dolor,
616 3632 765 3709 extincta,

405 3737 512 3784 necem
528 3724 623 3783 nacta
636 3735 694 3798 per
709 3733 864 3782 annorum
878 3715 976 3794 milia,

405 3805 550 3868 conditor
565 3801 660 3867 noxia

406 3887 628 3953 destructurus
643 3882 825 3967 despendia,

403 3972 498 4037 homo
514 3969 663 4054 prosapia

404 4054 508 4121 factus
523 4073 561 4120 ex
576 4070 740 4135 generosa,

403 4139 508 4207 ferens
523 4141 593 4204 orbi
607 4138 734 4219 gaudia

405 4231 437 4290 et
452 4224 593 4289 divinum
608 4222 731 4304 plasma

403 4327 476 4375 cum
526 4325 620 4373 carue
671 4304 774 4371 deitas
824 4302 977 4369 liberaret

447 4410 580 4471 summa,

403 4483 436 4542 et
450 4483 519 4543 arte
535 4474 700 4558 praeclara

404 4561 510 4627 callidi
524 4564 692 4642 superaret
706 4556 922 4636 depromente,

403 4647 437 4711 in
452 4645 554 4710 crucis
569 4649 682 4725 sponte
697 4639 813 4706 robora

1078 3409 1242 3491 pelluntur
1257 3405 1422 3489 supplicia,

1078 3494 1216 3557 vincitur
1230 3498 1358 3555 mortua

1078 3576 1172 3641 modo
1186 3594 1272 3641 mors
1288 3591 1407 3640 amara.

1024 3692 1053 3753 6.
1079 3686 1140 3750 Per
1156 3692 1189 3750 te
1205 3684 1330 3750 siderea

1077 3770 1262 3853 panduntur
1278 3766 1443 3846 solemnia,

1079 3854 1228 3920 coelestis
1243 3854 1357 3936 patria,

1079 3941 1145 4004 vita
1160 3954 1378 4021 permansura.

1025 4056 1052 4115 7.
1079 4048 1254 4114 Cedrorum
1270 4054 1306 4111 tu
1321 4044 1424 4127 prima

1078 4139 1223 4216 praestas
1238 4135 1392 4205 aromata,

1079 4216 1218 4299 flagrans
1232 4215 1415 4296 thymiama.

1078 4302 1197 4382 Empta
1211 4319 1268 4380 per
1282 4306 1315 4363 te
1329 4295 1471 4361 membra

1078 4403 1117 4450 ne
1132 4389 1268 4465 tangant
1282 4388 1419 4458 terrena,

1078 4488 1155 4534 crux
1169 4486 1321 4549 rogamus
1337 4466 1431 4529 alma.

1077 4553 1149 4619 Tibi
1163 4571 1221 4634 per
1236 4550 1364 4617 saecula
1378 4553 1533 4631 perpetua

1078 4639 1171 4717 doxa,
1187 4656 1205 4702 o
1222 4636 1350 4718 Sophia.

419 4770 445 4808 a.
465 4752 558 4807 Text.
594 4751 685 4807 liorel
703 4750 756 4804 No.
775 4750 817 4803 56.
837 4747 865 4803 S.
884 4750 926 4800 35.
947 4762 1015 4800 arao:
1033 4745 1086 4800 Hs.
1106 4763 1143 4800 aa
1160 4746 1202 4800 St.
1221 4744 1322 4799 Gollcn
1342 4744 1393 4797 No.
1414 4742 1474 4795 546.
1494 4736 1651 4808 (Brander).

345 4825 395 4880 Bi.
414 4829 475 4879 1⁰4.
512 4825 571 4893 „Da
590 4823 750 4878 inventione
768 4826 883 4874 sanctas
902 4818 999 4873 Crucis
1018 4818 1048 4870 B.
1068 4818 1186 4873 Notlreri
1204 4818 1294 4886 patria
1304 4813 1455 4884 Sequentia
1473 4811 1562 4865 tituli:
1582 4810 1651 4878 Cap·

346 4900 435 4954 tira.“
472 4895 530 4950 liic
548 4896 598 4950 der
616 4893 748 4949 Melodic
773 4890 849 4959 „Die
867 4889 1076 4958 darchachcnde
1094 4889 1245 4943 Assonana
1271 4890 1303 4941 in
1320 4887 1348 4938 A
1365 4886 1425 4955 pibt
1439 4884 1504 4951 fact
1523 4882 1576 4936 den
1594 4882 1652 4935 cin·

347 4971 428 5042 sigen
447 4965 661 5036 Annaltapnnkt
679 4981 732 5020 aar
749 4961 886 5032 Theilnnp
905 4961 955 5014 der
973 4960 1098 5028 Sequens
1116 4962 1148 5014 in
1166 4959 1289 5013 Zeiien.“
1325 4957 1425 5013 llorel.

418 5057 445 5112 b.
463 5054 616 5112 Beiaarlc.
652 5052 737 5121 „Auf
761 5067 778 5105 a
805 5051 854 5103 mit
877 5047 1137 5119 paroxytonischcr
1164 5049 1313 5116 Betonunp
1341 5045 1443 5099 taimen
1462 5041 1586 5096 maerere
1605 5037 1651 5093 Se·

346 5132 499 5202 qunaanf‘
534 5125 654 5182 Bartsch
670 5123 700 5180 S.
719 5124 860 5178 134.136.
