3975 5800
908 654 1140 718 —181-

373 834 424 897 10.
447 830 529 899 Sunt
542 830 620 896 mihi
634 830 804 911 contraria,
819 851 902 914 quae
916 833 1006 916 prius
1020 833 1203 916 promisisti,
1219 851 1290 900 cum
1304 832 1381 899 mibi
1397 850 1480 900 nune
1494 852 1552 917 pro
1567 833 1673 916 gratia

521 916 586 982 sint
602 914 693 982 dolor
706 919 802 997 atque
819 936 932 1000 poena.

375 1021 424 1081 11.
446 1017 535 1081 Inter
550 1035 658 1082 omnes
672 1017 821 1082 mulieres
837 1035 886 1081 me
901 1016 1010 1081 dixisti
1027 1018 1235 1083 benedictam.

446 1100 564 1166 Omnes
579 1119 663 1166 nunc
677 1102 787 1168 videre
800 1108 934 1184 possunt
949 1120 999 1165 me
1014 1107 1195 1183 gementem
1210 1107 1243 1166 et
1257 1100 1416 1168 afflictam.

375 1204 424 1268 12.
446 1202 494 1267 De
508 1202 568 1267 hoe
583 1221 678 1268 senex
693 1200 829 1285 Symeon
844 1202 1017 1284 prophetat

447 1286 572 1367 Dicens,
589 1291 624 1352 ut
640 1286 847 1368 Evangelista
862 1292 981 1367 narrat,

447 1372 529 1437 Ecce
542 1372 666 1452 positus
681 1375 731 1436 est
744 1371 777 1435 iu
792 1370 916 1436 ruinam
931 1377 1006 1437 tuus
1020 1373 1081 1437 iste
1096 1372 1206 1451 Filius,

445 1454 489 1519 Et
502 1458 591 1521 tuam
606 1455 744 1520 animam
759 1454 857 1537 ipsius
872 1456 1079 1538 pertransibit
1093 1456 1227 1536 gladius.

374 1565 424 1625 13.
446 1556 552 1622 Mater
566 1557 652 1623 laeta
666 1557 848 1639 concepisti,

446 1640 489 1705 Et
504 1640 645 1707 dolorem
660 1660 723 1707 non
739 1642 875 1719 sensisti,

447 1724 580 1802 Quando
594 1727 685 1808 virgo
701 1726 853 1809 peperisti

446 1808 549 1875 Tuum
567 1808 785 1892 Unigenitum.

375 1897 424 1958 11.
447 1892 526 1960 Cum
541 1893 639 1961 00001
654 1911 737 1959 0000
752 1895 875 1960 00101011

447 1979 582 2060 Ρο0000,
597 1997 677 2061 quas
693 1983 770 2044 tunc
785 1980 926 2057 evasisti,

447 2061 568 2129 Videas
582 2063 676 2128 modo
690 2070 793 2128 morte
809 2064 894 2129 tristi

446 2148 529 2214 Mori
543 2153 633 2213 tuum
652 2147 778 2213 Filium.

376 2232 424 2295 11.
448 2231 499 2298 Sic
515 2237 581 2299 stat
596 2231 702 2297 Mater
717 2233 862 2297 desolata

446 2317 514 2383 Iam
529 2314 592 2382 iron
606 2323 719 2395 mater,
734 2318 791 2382 sed
808 2319 922 2383 orbata

447 2400 540 2466 Dulci
556 2420 614 2467 suo
629 2401 720 2468 Filio.

376 2484 424 2550 16.
446 2485 582 2567 Plaugit,
598 2485 712 2568 plorat,
728 2487 952 2570 praestolatur,

446 2569 659 2652 Quoadusque
675 2571 853 2653 deponatur

448 2653 572 2737 Corpus
587 2653 626 2720 de
642 2654 795 2738 patibulo.

376 2761 425 2822 11.
447 2753 474 2820 0
490 2755 684 2837 lacrymosus
699 2754 850 2819 intuitus!
878 2755 970 2819 sedet
985 2756 1192 2821 semimortua
1206 2772 1331 2837 parens,
1357 2761 1390 2821 et
1411 2757 1542 2822 extincti
1557 2755 1677 2822 funeris

524 2840 556 2905 in
572 2839 691 2921 gremio
706 2844 795 2906 tenet
809 2839 948 2905 exuuias.

376 2945 425 3007 18.
448 2940 563 3007 Omnia
576 2944 720 3022 pererrat
734 2939 894 3020 stigmata,
910 2940 1043 3021 locaque
1059 2946 1191 3005 cruenta
1205 2940 1376 3018 clavorum,
1392 2946 1424 3007 et
1438 2942 1549 3024 plagas
1565 2959 1676 3007 cruen-

523 3030 585 3106 tas,
601 3022 689 3089 videt
704 3024 834 3105 spinoso
849 3025 1032 3106 praecincta
1045 3029 1190 3107 tempora

376 3130 426 3194 19.
449 3127 553 3206 Serto,
569 3129 601 3192 et
614 3125 648 3190 in
662 3125 762 3190 latere
777 3129 924 3206 patentes
939 3125 1045 3191 cordis

373 3216 424 3280 20.
446 3213 572 3291 ianuas,
589 3228 607 3274 o
622 3210 729 3291 gravis
744 3208 835 3274 dolor
849 3216 883 3275 et
897 3208 1048 3291 gemitus!

371 3302 424 3361 21.
446 3296 523 3363 Nati
538 3292 696 3376 quondam
711 3293 846 3376 speciosi
861 3296 1004 3359 membra
1013 3295 1107 3359 modo
1119 3293 1217 3361 livida
1227 3297 1346 3361 tractat
1355 3301 1459 3360 mater
1469 3296 1552 3361 inter
1563 3314 1677 3364 manus

372 3468 424 3531 22.
446 3385 664 3548 Ampffiffi,
680 3463 851 3543 oseulatur,
867 3482 923 3529 ora
938 3463 1022 3529 faeta
1036 3464 1166 3546 pallida,
1179 3468 1310 3546 propter
1324 3481 1442 3545 poenas
1454 3468 1550 3546 atque
1561 3464 1676 3546 plagas

374 3638 425 3700 23.
446 3566 775 3713 Μαηῗιὲρὲξῗὲ000000
795 3633 992 3713 exclamavit,
1018 3633 1158 3714 fletuque
1179 3649 1295 3714 corpus
1317 3631 1471 3713 irrigavit,
1499 3633 1626 3699 stillans
1641 3636 1678 3698 ut

524 3736 576 3785 ros
590 3715 818 3797 effundensque
833 3717 1000 3799 lacrymas.

374 3821 425 3883 24.
448 3817 545 3884 Venit
559 3817 689 3882 tandem
703 3815 817 3899 Ioseph
832 3816 904 3898 pius
919 3834 1098 3899 corpusque
1113 3816 1245 3881 involvit
1259 3815 1403 3880 sindone.

374 3906 425 3969 25.
446 3901 545 3967 Venit
559 3907 654 3982 atque
668 3900 868 3981 Nicoderuus,
884 3900 1080 3983 perfundens
1094 3900 1175 3965 illud
1189 3898 1339 3980 unguine.

374 3991 424 4056 26.
446 3986 525 4052 Past
538 3986 571 4050 iu
585 3987 789 4050 monumento
805 4003 884 4050 novo
899 3987 1138 4067 praeparabant
1151 3984 1333 4049 recondere.

374 4074 425 4135 21.
448 4070 526 4148 Quis
540 4075 647 4153 potest
662 4071 817 4151 lacrymas
833 4075 952 4150 tenere,
968 4071 1044 4135 licet
1059 4070 1102 4134 sit
1116 4068 1210 4133 corde
1228 4086 1332 4147 saxeo,

374 4158 425 4219 28.
447 4154 491 4220 Et
504 4173 567 4220 000
581 4154 675 4220 simul
692 4154 858 4219 condolere
873 4156 905 4220 in
921 4156 980 4219 boc
994 4154 1124 4236 planetu
1140 4153 1305 4234 virgineo?

375 4243 425 4304 29.
448 4236 509 4318 Qui
524 4258 594 4305 cum
608 4239 680 4321 ipsa
694 4238 796 4303 nescit
810 4236 897 4319 flere,
912 4258 975 4305 non
990 4244 1040 4306 ost
1055 4240 1084 4304 01
1099 4239 1286 4320 compassio.

375 4343 425 4405 30.
444 4337 505 4416 Qui
522 4342 682 4405 scrutator
698 4338 928 4418 seripturarum
1118 4336 1199 4401 Suos
1214 4333 1296 4401 filios
1311 4333 1467 4416 plorantis

445 4423 515 4503 Est,
530 4423 651 4489 uidebit
666 4421 876 4487 foeminarum
1117 4419 1282 4487 Consolari
1298 4418 1410 4484 noluit.

445 4505 595 4574 Planctus
609 4507 832 4573 amarissimos.

444 4593 538 4657 Anna
552 4592 709 4658 Samuelis
724 4595 804 4671 orat,
1047 4594 1097 4655 32.
1119 4589 1217 4655 Το1011
1232 4586 1343 4653 Noemi
1359 4584 1498 4662 dolebat,

445 4673 786 4759 Temulentaquedum
802 4674 917 4757 plorat,
1115 4675 1240 4756 Raptus
1254 4669 1366 4737 mortis
1381 4669 1456 4766 dum
1471 4666 1620 4736 trahebat

444 4760 680 4844 Putaturapud
698 4760 849 4825 aemulos.
1116 4758 1270 4824 Maritum
1284 4772 1356 4822 cum
1370 4752 1453 4833 filus,

1117 4843 1273 4924 Annaque
1286 4837 1406 4906 Tobiae
1418 4834 1526 4920 flebat,

377 4928 841 5000 31.vox1tacheliseiulantis
1116 4925 1250 5004 Quando
1263 4921 1454 5010 paterbunc
1467 4919 1619 4992 mittebat

446 5014 600 5084 IoBama
613 5015 789 5102 personuit,
1116 5009 1429 5098 InRagesptopes
