3975 5800
895 593 1106 655 ..69-

802 774 852 836 61.
895 772 948 839 Dc
967 778 1080 838 sancta
1102 791 1201 838 cruce.

368 910 397 971 1.
419 904 513 971 Nunc
525 904 628 971 crucis
641 904 727 970 elma
741 910 836 971 centu
849 906 968 988 gaudia

366 992 397 1055 2.
420 988 515 1054 Plebs
529 1007 621 1055 cruce
636 989 791 1073 sauguine
807 989 925 1055 Christi
940 989 1116 1073 redempta,

366 1078 396 1139 3.
417 1072 576 1153 Laudans,
613 1074 799 1154 reclamans,
814 1093 891 1140 voce
908 1093 1024 1140 suuuus
1041 1077 1138 1140 clara.

365 1164 397 1225 4.
418 1154 575 1235 Quoniam
589 1094 746 1239 Kerugnus
762 1163 811 1223 est
826 1159 1044 1241 dominusper
1059 1165 1172 1226 cuncta
1187 1161 1325 1239 saecula,

366 1246 397 1307 d.
420 1240 483 1319 Qui
496 1246 599 1307 morte
614 1260 673 1308 sue
687 1262 707 1307 e
720 1249 824 1308 morte
840 1261 898 1308 nes
914 1244 1028 1323 salvat,

367 1334 397 1393 6.
420 1328 467 1391 Ac
480 1326 583 1392 crucis
598 1326 718 1393 diaboli
734 1328 889 1393 servitute
903 1327 1029 1393 liberat.

368 1414 398 1475 7.
420 1410 549 1477 Etenim
562 1409 647 1475 mule
660 1417 773 1477 nostre
787 1412 859 1494 pius
874 1417 966 1493 puter
980 1412 1137 1477 miserans

365 1498 397 1559 8.
419 1494 536 1559 Filium
549 1494 610 1559 sibi
624 1496 820 1561 consimilem
833 1496 921 1561 misit
935 1497 968 1561 iu
982 1500 1112 1577 terrem,

366 1582 397 1643 9.
418 1576 465 1643 Ut
478 1578 566 1643 Deus
581 1597 676 1644 verus
689 1579 783 1644 homo
799 1598 895 1645 verus
908 1580 1001 1645 fieret
1015 1580 1137 1663 absque
1152 1581 1254 1646 sordis
1270 1581 1404 1660 macule,

347 1666 398 1731 10.
421 1662 645 1745 obediensque
659 1665 744 1745 petri
758 1665 845 1729 veuit
859 1665 891 1729 in
906 1664 1059 1729 mundum
1074 1682 1198 1730 summa
1213 1664 1380 1746 sapientia.

348 1752 397 1811 ll.
418 1746 501 1813 Ecce
516 1746 604 1813 Deus
617 1748 751 1829 uirginis
766 1747 851 1815 filius
866 1747 991 1826 famem,
1008 1749 1094 1813 sitim
1111 1750 1237 1828 tolerat,
1253 1768 1311 1831 pre
1327 1748 1418 1814 uobis
1432 1748 1548 1829 plorat,

348 1834 397 1895 12.
419 1830 544 1897 Probra
557 1828 679 1908 suffert,
694 1834 814 1915 alapas,
830 1831 967 1914 flagella,
983 1838 1154 1899 coronatur
1168 1851 1286 1899 corone
1300 1836 1396 1915 ceput
1410 1833 1530 1915 spinea,

349 1920 398 1985 13.
420 1914 522 1982 Cruce
535 1916 634 1981 clavis
648 1916 729 1982 fixus
743 1918 777 1981 iu
791 1917 857 1982 altu
871 1917 938 1982 vita
952 1924 1063 1983 nostre
1074 1919 1208 1981 moritur
1219 1923 1316 1999 atque
1334 1918 1384 1981 die
1395 1917 1534 1997 resurgit
1544 1915 1650 1979 tertia.

348 2006 398 2067 14.
418 1998 485 2083 lpsi
496 2000 627 2147 grener,
653 2001 724 2067 leus
749 2007 782 2067 et
806 2006 949 2085 potestus
973 2008 1129 2084 perpetua
1159 2002 1193 2065 iu
1225 2002 1353 2067 saecule
1379 2001 1421 2065 sit
1446 2000 1649 2082 sempiterne.

526 2103 607 2149 men.

417 2209 443 2249 e.
463 2190 559 2247 Text.
595 2193 696 2248 Deuicl
715 2194 750 2263 11,
769 2198 812 2248 57.
831 2195 881 2248 hut
901 2195 946 2248 dic
965 2199 1037 2247 crete
1055 2193 1132 2247 Zciic
1151 2210 1203 2248 uus
1222 2194 1286 2249 Cod.
1306 2195 1380 2248 Mon.
1393 2197 1433 2247 11.
1453 2191 1596 2247 suecxll.
1619 2220 1651 2233 -

344 2264 998 2334 2112110113.(1,147)αιιεοοἀ.Μοη.ΟΙω.
1020 2263 1215 2321 lusidius.
1244 2269 1286 2319 12.
1307 2264 1406 2319 Julrrh.
1435 2265 1480 2334 (Α)
1508 2264 1567 2317 rand
1584 2264 1651 2318 Clm.

347 2338 444 2393 14083.
463 2334 482 2390 s.
501 2338 545 2391 26.
563 2338 607 2389 11.
625 2334 726 2391 Jahrb.
746 2337 799 2407 (B),
818 2354 871 2392 cus
890 2338 992 2391 diesem
1012 2337 1076 2392 Ced.
1096 2338 1145 2391 hat
1163 2338 1219 2390 mir
1236 2336 1275 2389 H.
1295 2337 1388 2392 Christ
1405 2337 1465 2389 cine
1479 2350 1586 2405 ceraue
1595 2334 1651 2389 Ab·

344 2408 451 2477 eedth
469 2408 589 2477 decoret,
608 2408 633 2463 d.
652 2408 673 2463 ι’.
693 2409 744 2462 den
763 2410 1003 2463 eorauetedendcu
1021 2408 1099 2462 Ταῦ.
1136 2409 1220 2462 Mune
1237 2408 1316 2462 rtem
1335 2409 1380 2461 dic
1393 2406 1588 2462 Vcrscaudere
1607 2406 1651 2461 ab.

414 2496 441 2551 b.
461 2494 649 2550 Leserteu.
688 2499 712 2551 1.
731 2503 825 2550 cantet
843 2497 881 2551 M.
901 2528 934 2536 -
955 2501 979 2550 5.
1000 2497 1111 2553 salvans
1129 2498 1167 2550 M.
1187 2526 1220 2535 -
1240 2496 1265 2549 6.
1286 2496 1317 2563 Q.
1328 2496 1414 2549 trucis
1433 2494 1458 2548 d.
1478 2495 1516 2548 M.
1535 2510 1585 2562 „uc
1599 2494 1653 2561 sdr

341 2582 361 2623 a
376 2566 438 2635 AB,
458 2566 536 2621 dmm
553 2581 632 2621 muse
650 2568 788 2621 entrecdcr
807 2569 898 2622 sulvat
916 2568 983 2622 eder
1002 2569 1124 2623 liberans
1142 2568 1264 2622 stchcn.“
1286 2569 1378 2622 Moue.
1398 2565 1432 2619 Iu
1447 2566 1496 2620 der
1505 2564 1654 2632 Abschrr'st

342 2638 392 2693 dcc
418 2636 458 2693 Η.
486 2638 582 2695 christ
605 2638 678 2691 steht
705 2654 737 2694 uc
764 2642 863 2707 crucis,
891 2656 950 2693 reus
976 2639 1076 2693 Icciucn
1103 2640 1174 2693 Siren
1190 2640 1266 2708 yid&
1295 2655 1323 2692 cs
1348 2654 1424 2691 metes
1443 2637 1497 2691 ecel
1515 2652 1548 2691 uc
1566 2637 1653 2691 trucis

340 2709 1105 2775 msen,woeeisa1vatmrdliberatrecitent-arm.
1135 2742 1169 2750 -
1197 2714 1222 2764 C.
1250 2725 1321 2765 serr.
1341 2709 1402 2763 dire
1421 2710 1468 2766 lib.
1488 2709 1525 2764 M.
1549 2738 1583 2750 -
1611 2710 1652 2763 12.

341 2780 435 2851 alapis
453 2780 486 2835 B.
507 2811 541 2823 -
560 2784 603 2835 14.
621 2790 757 2850 perpetue
775 2782 814 2835 M.

419 2886 442 2926 c.
461 2868 615 2928 chcrk.
654 2867 742 2924 Ucber
760 2870 812 2926 des
830 2868 1031 2942 Rirytlrun'seirc
1049 2875 1098 2925 etc.
1117 2869 1226 2938 spricht
1245 2869 1363 2924 Bartsch
1383 2869 1444 2935 (der
1461 2870 1493 2924 iu
1512 2869 1561 2923 der
1573 2867 1653 2922 Vers-

341 2941 518 3012 ee'nther'hmy
535 2941 615 2995 nicht
633 2942 686 2996 mit
702 2941 787 2996 Moue
805 2943 1039 3010 iiberer'uste'mmt)
1058 2943 1085 2996 S.
1104 2947 1147 2997 44.
1167 2946 1209 2996 94.
1228 2945 1289 2996 135.
1318 2971 1352 2981 -
1382 2945 1406 2994 l.
1429 2942 1528 3010 „Nunc
1547 2941 1653 2994 desiciet

341 3013 405 3070 ciet
421 3013 480 3084 eres
494 3013 547 3068 den
566 3009 696 3083 Fecttaq,
716 3029 752 3068 an
770 3013 898 3070 walchem
916 3015 969 3069 das
987 3013 1062 3068 Licd
1078 3030 1217 3084 desunqcn
1235 3014 1345 3068 werden
1364 3013 1444 3068 seii.“
1480 3013 1573 3068 Mune.

810 3317 859 3379 62.
891 3313 1071 3380 Desarrcta
1086 3331 1186 3376 cruce.

772 3429 897 3498 (Auctor
926 3437 970 3484 est
997 3429 1221 3497 Beneventum.)

370 3551 398 3612 1.
414 3547 598 3614 Recordare
612 3555 742 3615 sauctae
757 3552 868 3630 crucis,
1043 3557 1072 3615 4.
1092 3548 1177 3614 Crux
1192 3554 1242 3613 est
1257 3551 1350 3630 purte
1364 3546 1521 3629 Paradisi,

417 3630 479 3709 Qui
493 3631 669 3714 perfectum
683 3635 767 3699 viem
781 3635 881 3711 ducis,
1090 3634 1127 3698 ln
1143 3651 1207 3715 que
1221 3633 1324 3696 sancti
1340 3638 1415 3697 sunt
1430 3631 1548 3712 confisi,

413 3715 588 3783 Delectere
602 3718 736 3798 iugiter:
1093 3717 1153 3794 Qui
1168 3717 1314 3782 vicerunt
1330 3718 1449 3781 omnia:

414 3799 554 3867 Sanctae
568 3802 672 3867 crucis
687 3801 856 3868 recordare
1093 3803 1179 3867 Crux
1194 3808 1243 3867 est
1257 3801 1366 3865 mundi
1385 3800 1551 3880 medicina,

414 3883 764 3966 Etiuipsemeditare
1092 3885 1405 3967 Perquumbuuitus
1421 3885 1529 3950 diviua

376 3979 382 3986 '
415 3969 662 4035 Insatiabiliter.
1091 3971 1183 4036 Facit
1198 3969 1365 4034 mirabilia.

366 4051 398 4114 2.
416 4050 521 4129 Quum
537 4053 675 4134 quiescis
691 4059 748 4119 eut
762 4054 900 4134 laboras
1045 4059 1073 4115 ῡ.
1096 4053 1181 4117 Crux
1197 4060 1245 4118 cst
1261 4052 1348 4118 salus
1364 4053 1550 4131 animarum,

415 4135 552 4214 Quando
565 4139 662 4218 rides,
678 4137 806 4218 quaudo
820 4139 940 4220 plores,
1093 4139 1212 4202 Verum
1228 4138 1335 4202 lumen
1351 4142 1384 4201 ct
1398 4137 1607 4219 praeclarum,

414 4218 515 4286 Deles
528 4221 596 4286 sive
611 4222 769 4302 gaudeus:
1093 4223 1136 4286 Et
1151 4221 1284 4286 dulcedo
1299 4222 1457 4286 cordium:

417 4303 553 4382 Quando
567 4307 668 4386 vedis,
684 4305 813 4388 quaudo
828 4307 928 4388 venis,
1093 4305 1177 4370 Crux
1193 4311 1244 4370 est
1258 4305 1325 4370 vite
1342 4305 1508 4370 beatorum

413 4389 451 4456 ln
466 4389 603 4468 solatiis,
618 4390 652 4455 iu
665 4391 776 4474 poenis
1092 4389 1135 4454 Et
1151 4390 1321 4455 thesaurus
1336 4389 1550 4471 perfecturum

417 4473 553 4540 Crucem
568 4474 800 4540 cordetenees.
1091 4473 1134 4538 Et
1150 4473 1245 4538 decor
1260 4481 1293 4539 et
1307 4475 1469 4554 gaudium.

370 4549 400 4620 3.
418 4555 504 4622 Crux
518 4559 552 4624 iu
566 4558 712 4624 omuibus
727 4560 885 4642 pressuris
1043 4556 1072 4618 6.
1092 4557 1177 4622 Crux
1193 4563 1244 4622 est
1259 4557 1420 4639 speculum
1437 4557 1575 4637 virtutis

417 4641 462 4708 Et
475 4643 508 4708 iu
523 4643 675 4724 gravibus
691 4648 724 4708 et
738 4642 828 4707 duris
1091 4641 1259 4707 Gloriosae
1275 4644 1338 4706 dux
1354 4643 1476 4722 salutis,

418 4724 480 4792 Est
493 4733 597 4793 totum
613 4727 805 4792 remedium:
1092 4726 1216 4792 Cuucte
1229 4744 1301 4809 spes
1317 4726 1473 4791 fidelium:

419 4807 505 4876 Crux
517 4813 551 4878 iu
566 4811 675 4894 poeuis
690 4815 723 4876 et
738 4810 905 4876 tormentis
1091 4809 1176 4874 Crux
1191 4817 1242 4875 est
1256 4810 1351 4874 decus
1367 4810 1594 4877 salvandorum

418 4891 627 4962 meruero
642 4895 714 4976 piae
729 4896 844 4962 mentis
1092 4894 1135 4960 Et
1150 4895 1295 4960 solatium
1312 4913 1420 4959 eorum

418 4975 770 5062 Etrerumreiugium.
1092 4978 1415 5060 Atqucdesiderium.
