3975 5800
878 617 1110 679 -425-

367 803 398 862 7.
420 795 599 862 Dummodo
614 797 704 862 illurn
719 797 814 863 liceat
829 817 960 865 cernere
975 799 1144 881 dispendio
1158 799 1244 864 vitae
1262 798 1448 881 praesentis.

367 887 397 947 8.
415 881 560 946 Caesaris
574 887 610 946 tu
625 880 726 946 fasces
742 884 917 949 contemnis
933 889 965 949 et
978 884 1093 949 iudicis
1109 885 1211 948 minas
1227 883 1360 947 derides.

367 970 398 1031 9.
422 964 570 1030 Carnifex
586 967 722 1046 ungulas
739 973 772 1031 et
787 972 876 1032 ustor
891 968 1076 1033 craticulam
1092 986 1172 1032 rane
1188 975 1387 1032 consumunt.

347 1054 397 1114 10.
421 1050 515 1115 Dolet
529 1050 645 1130 impius
661 1051 749 1116 urbis
764 1050 954 1131 praelectus,
970 1053 1107 1117 victusa
1123 1053 1209 1133 pisce
1225 1059 1342 1131 assato,
1359 1050 1477 1115 0151511
1495 1051 1574 1113 cilio.

347 1138 398 1198 11.
422 1133 549 1200 Gaudet
563 1134 682 1199 domiui
698 1135 829 1200 conviva
845 1135 926 1213 favo,
943 1136 1202 1214 conresurgendi,
1218 1154 1289 1200 cum
1305 1137 1375 1217 ipso
1391 1140 1564 1199 satruntus.

347 1222 397 1282 12.
421 1217 448 1283 Ο
462 1217 625 1296 Laurenti,
642 1219 776 1284 militum
793 1220 895 1284 David
911 1219 1118 1285 invictissime
1133 1222 1218 1300 regis
1233 1220 1365 1300 aeterni,

347 1306 397 1369 13.
422 1302 515 1383 Apud
530 1303 619 1367 illurn
636 1303 770 1367 servulis
785 1305 885 1385 ipsius
901 1304 1074 1386 deprecare
1090 1307 1214 1370 veniam
1231 1322 1357 1385 semper

346 1391 398 1451 14.
422 1385 546 1467 Martyr
561 1387 716 1468 milesque
731 1385 833 1452 fortis

418 1511 444 1548 5.
463 1495 555 1548 Text.
592 1495 692 1551 Daniel
709 1495 744 1563 Ii,
763 1498 805 1549 20.
825 1498 877 1550 384
897 1510 911 1548 5
930 1495 1015 1552 Codd.
1034 1498 1109 1551 Mon.
1129 1500 1154 1552 5.
1174 1513 1245 1563 enee.
1265 1497 1312 1551 XI.
1343 1497 1396 1565 (Α),
1423 1496 1498 1553 Mon.
1525 1497 1550 1548 0.
1576 1509 1648 1550 saec.

343 1565 396 1620 XI.
416 1567 467 1636 (Β).
504 1565 586 1621 Viud.
605 1571 629 1622 5.
650 1582 721 1623 saec.
742 1567 803 1620 xli.
823 1568 873 1636 (0),
892 1567 974 1622 Vind.
995 1572 1020 1621 7.
1040 1585 1111 1623 5555.
1132 1569 1205 1623 xiv.
1226 1570 1281 1637 (D).
1311 1600 1343 1608 —
1372 1568 1437 1623 Cod.
1457 1567 1648 1623 wirzeooom.

343 1652 419 1691 saec.
439 1637 512 1691 XIV.
533 1638 587 1706 (Ε).
606 1669 640 1678 -
659 1638 738 1691 Text.
758 1653 816 1707 seq.
837 1639 889 1706 (F).
927 1640 988 1707 Seq.
1009 1639 1075 1693 Dar.
1097 1643 1165 1694 1495
1186 1640 1372 1709 (0)-Μ155,
1393 1641 1488 1693 l'utar.
1505 1642 1574 1692 1405
1592 1638 1649 1705 (1·1),

343 1708 509 1777 Eychstadt.
528 1708 603 1763 circa
620 1726 645 1763 u.
668 1713 736 1765 1500
755 1711 799 1779 (1),
819 1711 912 1765 05155.
934 1714 1001 1764 1501
1022 1710 1077 1781 (Κ),
1097 1711 1221 1779 llogunt.
1239 1716 1307 1765 1507
1327 1714 1380 1781 (11),
1400 1712 1569 1764 llallrerstat.
1582 1713 1646 1762 1511

344 1779 407 1849 (Μ),
427 1779 550 1834 Mindon.
571 1784 639 1834 1513
659 1781 713 1907 (NA,
731 1781 882 1850 Numburg.
904 1785 972 1836 1517
991 1782 1043 1851 (0).
1063 1783 1233 1851 -Adelph
1254 1787 1288 1837 75
1308 1784 1359 1851 (Pl.
1380 1783 1513 1836 (flichtov.
1533 1781 1578 1849 iv,
1596 1784 1650 1833 200

343 1850 399 1919 (Q).
419 1851 499 1908 Torr.
519 1850 573 1920 (11).
594 1883 624 1891 -
645 1851 692 1906 Sta
713 1858 723 1905 1
743 1853 815 1907 auch
832 1854 879 1906 in:
904 1852 988 1908 Codd.
1009 1852 1125 1910 Eiusidl.
1148 1858 1206 1908 105.
1229 1857 1287 1909 loo.
1309 1857 1367 1909 107.
1390 1852 1604 1907 1511155555.
1624 1854 1648 1904 0.

416 1937 444 1991 b.
464 1937 647 2011 Lesartcn.
684 1943 709 1992 2.
730 1940 926 2008 imperatorum
946 1939 975 1992 P.
1005 1970 1038 1979 —
1067 1944 1092 1994 6.
1112 1949 1224 1996 sanctos
1243 1939 1355 1996 GKNR.
1384 1941 1474 1995 sancti
1491 1937 1577 1994 FLM.
1614 1969 1647 1978 —

344 2007 413 2063 iacit
431 2010 514 2078 ABE,
534 2010 580 2064 dic
599 2011 707 2064 artdcrn
725 2010 798 2065 fecit.
818 2042 852 2051 —
872 2015 897 2066 7.
916 2011 960 2065 lie.
980 2012 1019 2064 ill.
1038 2010 1070 2064 F.
1089 2041 1123 2050 -
1143 2011 1286 2081 dispendia
1306 2013 1337 2065 G.
1364 2043 1397 2051 -
1422 2010 1542 2065 1145555
1562 2009 1647 2064 huet

343 2079 513 2135 KLMNOR.
541 2112 575 2120 -
602 2087 642 2136 11.
663 2083 873 2150 conresurgenti
892 2083 1032 2150 cumipse
1052 2082 1162 2137 Christo
1182 2085 1301 2138 satiatus
1319 2083 1363 2136 IP.
1389 2083 1599 2151 conresurgenti
1619 2082 1647 2135 (1.

343 2166 406 2206 cum
424 2151 536 2206 Christo
554 2154 588 2207 D.
615 2161 858 2223 conresurgentem
877 2155 988 2209 Christo
1008 2160 1151 2209 saturatus
1171 2156 1202 2208 i‘.
1235 2157 1413 2223 consurgenti
1439 2171 1499 2208 cum
1524 2155 1585 2223 ipso
1605 2168 1647 2207 sa-

343 2228 457 2280 turatus
475 2223 513 2277 Μ.
532 2240 592 2278 curn
611 2233 773 2294 resurgente
791 2225 901 2281 Christo
920 2231 1063 2281 saturatus
1082 2226 1114 2292 Q.

416 2327 438 2365 c.
458 2311 614 2368 Bemcrlz
654 2313 742 2368 Ueber
760 2315 813 2368 dae
830 2313 1032 2384 Rtgttmarcte
1050 2321 1101 2368 515.
1121 2314 1230 2381 55515111
1250 2313 1368 2367 Bartsch
1388 2313 1415 2366 S.
1437 2317 1461 2366 7.
1480 2317 1523 2365 77.
1542 2315 1585 2365 31.
1604 2313 1647 2364 84.

788 2656 859 2716 024.
901 2651 953 2717 De
974 2671 1000 2717 s.
1023 2651 1208 2717 Laurentio.

729 2769 844 2839 (Auctor
864 2777 907 2827 551
925 2770 1014 2826 Adam
1034 2770 1068 2824 de
1089 2771 1115 2825 S.
1135 2768 1268 2835 Victore.)

371 2902 399 2961 1.
419 2893 535 2959 Ρ55515
551 2892 661 2960 datum
676 2892 881 2974 admiremur,

417 2980 610 3044 Laureatum
627 2995 815 3043 ueneremur

417 3061 580 3127 Laudibus
596 3061 818 3126 Laurentium:

417 3148 614 3213 Veneremur
629 3162 699 3210 curu
715 3149 863 3225 tremore,

419 3231 634 3311 Deprecemur
649 3248 719 3295 curn
737 3249 844 3295 amore

419 3315 595 3397 Martyrem
611 3315 784 3394 egregium.

371 3454 401 3513 2.
421 3448 598 3514 Accusatus
615 3466 678 3513 nou
693 3448 833 3529 negavit,

419 3530 483 3597 Sed
498 3531 646 3613 pulsatus
661 3531 829 3598 resultavit

419 3615 456 3680 In
471 3614 558 3682 tubis
574 3615 764 3681 ductilibus:

418 3697 501 3764 Dum
517 3700 548 3764 in
563 3699 675 3781 poenis
690 3706 764 3766 voto
778 3699 880 3783 plenis

419 3783 587 3849 Exultaret
602 3789 635 3848 51
650 3790 779 3849 5555551

418 3867 455 3933 15
471 3866 586 3933 divinis
602 3867 759 3933 laudibus.

370 4004 399 4065 3.
419 3997 533 4083 Sicque
549 4001 668 4067 chorda
682 4001 873 4067 musicorum

417 4083 558 4150 Tandem
573 4104 687 4151 sonum
704 4085 760 4151 dat
774 4103 923 4153 sonorum

418 4169 537 4236 Plectri
552 4170 744 4236 ministerio:

418 4252 470 4320 Sic
484 4255 517 4320 in
532 4255 637 4320 choris
652 4258 883 4319 tormentorum

419 4338 519 4404 Melos
535 4338 654 4405 Christi
670 4337 884 4404 confessorum

417 4422 514 4488 Dedit
527 4422 623 4487 huius
639 4423 751 4489 tentio.

366 4559 398 4622 4.
417 4554 494 4622 Deci
508 4556 590 4636 ride,
605 4556 681 4652 quia
694 4554 756 4621 fide

415 4640 475 4708 Est
488 4641 626 4706 invictus
640 4641 725 4705 inter
738 4640 831 4721 ictus,

416 4724 521 4792 111555
535 4730 569 4792 51
583 4724 744 4790 incendia:

414 4809 496 4893 Spes
511 4810 646 4890 interna,
662 4827 721 4873 vox
737 4824 877 4890 superna

414 4892 607 4961 Consolatur
621 4899 654 4958 51
668 4892 817 4958 hortatur

413 4975 527 5048 Virum
544 4979 584 5044 de
598 4977 788 5043 constantia.

1043 2897 1071 2957 5.
1090 2892 1171 2957 Nam
1187 2891 1364 2966 thesauros
1380 2907 1461 2971 quos
1477 2891 1627 2972 exquiris,

1092 2975 1152 3041 Per
1167 2981 1330 3039 tormenta
1344 2994 1406 3038 nou
1421 2976 1559 3056 acqrriris

1091 3059 1173 3138 Tibi,
1189 3058 1245 3123 sed
1260 3058 1448 3122 Laurentio:

1093 3143 1161 3207 Hos
1178 3144 1209 3206 in
1226 3142 1353 3206 Christo
1370 3149 1548 3219 coemerunt,

1091 3225 1194 3291 Huius
1217 3243 1353 3307 pugnarn
1371 3223 1517 3290 Christus
1541 3233 1650 3291 serrat

1091 3309 1331 3393 Triumphantis
1347 3310 1498 3389 praemio.

1045 3552 1072 3612 6.
1093 3544 1202 3610 Nescit
1216 3542 1318 3609 sancti
1334 3562 1394 3608 nox
1410 3545 1591 3622 obscurum,

1092 3627 1185 3693 Utin
1200 3628 1310 3711 poeuis
1325 3627 1400 3708 quid
1417 3630 1575 3711 impurum

1092 3713 1172 3779 Fide
1187 3717 1308 3778 tractet
1322 3712 1437 3778 dubia:

1091 3798 1200 3879 Neque
1217 3795 1318 3861 caecis
1333 3797 1439 3861 lumen
1455 3798 1556 3879 duret,

1091 3882 1125 3948 Si
1141 3900 1202 3946 non
1218 3899 1291 3945 eum
1307 3882 1449 3946 radiaret

1091 3965 1234 4031 Luminis
1246 3966 1439 4048 praeseutia.

1042 4225 1071 4285 7.
1090 4216 1180 4283 Fidei
1198 4213 1355 4283 confessio

1089 4301 1190 4367 Lucet
1205 4302 1238 4366 in
1252 4299 1436 4377 Laurentio,

1090 4386 1160 4450 Non
1175 4385 1266 4466 ponit
1278 4385 1338 4449 sub
1355 4384 1469 4463 modio,

1088 4468 1211 4535 Statuit
1225 4470 1258 4534 iu
1273 4468 1379 4533 medio

1088 4553 1210 4618 Lumen
1226 4570 1333 4618 coram
1349 4549 1509 4614 omnibus:

1088 4637 1183 4703 Iuvat
1197 4636 1256 4703 Dei
1271 4633 1424 4700 famulum

1089 4721 1200 4786 Crucis
1215 4738 1292 4786 suno
1306 4717 1459 4798 baiulum,

1089 4805 1206 4870 Assum
1222 4804 1312 4886 quasi
1329 4800 1483 4867 ferculum

1088 4889 1174 4955 Fieri
1189 4888 1406 4972 spectaculum

1090 4974 1218 5056 Angelis
1233 4979 1266 5039 et
1280 4972 1439 5056 gentibus.
