3975 5800
401 797 441 880 ⁷(
455 811 520 879 Sed
535 820 572 879 ut
586 831 644 880 nos
658 812 744 881 beati

456 898 562 964 Simus
578 898 720 965 coronati

457 980 601 1048 Concede
615 982 728 1048 Maria.
751 983 862 1049 Amen.

472 1091 569 1146 Text.
606 1093 684 1148 lilios.
703 1091 782 1148 fratr.
801 1093 889 1148 Paris.
911 1094 988 1147 1520.

769 1414 840 1474 307.
882 1408 936 1475 Dc
956 1409 1049 1476 orata
1071 1409 1186 1475 Morio
1206 1410 1338 1488 vtrptm.

402 1554 429 1613 1.
457 1542 627 1609 Gratulare
641 1541 732 1625 plebs
746 1542 850 1611 fidelis
1072 1551 1102 1609 4.
1128 1543 1241 1609 Gaude
1255 1561 1330 1609 rosa
1344 1544 1487 1624 speciosa

458 1627 586 1693 Summo
601 1627 695 1709 patri,
710 1628 811 1707 quiin
827 1628 922 1696 coelis
1129 1629 1200 1693 Non
1217 1629 1340 1705 attrita,
1355 1645 1419 1692 non
1434 1646 1562 1696 corrosa

456 1711 582 1793 Regnat
597 1710 816 1776 aeternaliter:
1128 1712 1209 1777 Gelu
1225 1730 1327 1794 neque
1342 1713 1457 1792 glacie:

456 1797 501 1860 Ac
515 1797 547 1861 in
562 1797 675 1860 matris
690 1795 751 1860 Dei
765 1795 860 1862 laude
1128 1797 1176 1859 Ex
1191 1812 1254 1876 qua
1269 1796 1318 1860 sol
1332 1797 1475 1862 iustitiae

455 1878 535 1944 Toto
550 1881 624 1944 nisu
638 1880 744 1945 cordis
760 1880 877 1961 plaude
1128 1882 1219 1944 Dono
1234 1879 1409 1962 sapientiae

455 1963 604 2029 Laudans
619 1963 700 2028 hanc
714 1964 898 2030 solenniter.
1128 1964 1287 2030 Processit
1300 1961 1440 2028 mirifice.

1073 2052 1101 2110 5.
1127 2047 1196 2112 Rex
1210 2048 1383 2113 immensae
1397 2048 1529 2128 pietatis

1127 2132 1173 2196 Ac
1187 2133 1287 2196 totius
1302 2131 1455 2196 bonitatis

1128 2215 1212 2281 Audi
1228 2233 1337 2282 servos
1356 2215 1509 2281 dulciter:

1129 2299 1267 2365 Matrem
1282 2303 1371 2364 tuam
1386 2299 1605 2366 collaudantes

1129 2384 1174 2448 Ac
1190 2389 1314 2448 reatum
1330 2384 1535 2466 deplorantes

1128 2467 1327 2533 Delictorum
1342 2469 1468 2549 iugiter.

1074 2551 1102 2611 6.
1129 2551 1198 2616 Tua
1213 2559 1324 2618 sancta
1338 2571 1395 2617 nos
1411 2552 1555 2617 doctrina

1128 2636 1227 2716 Virgo
1242 2643 1346 2702 mater
1361 2639 1394 2700 et
1407 2637 1518 2716 regina

1128 2719 1250 2785 Trahat
1264 2721 1305 2786 ad
1321 2721 1488 2786 coelestia:

397 2812 427 2871 3.
454 2804 565 2871 Gaude
581 2804 939 2887 sponsasummiregis,
1127 2804 1171 2869 Et
1185 2805 1530 2870 mundatosaseutina

454 2889 698 2957 Condimentum
713 2907 813 2956 novae
828 2888 909 2970 legis
1127 2888 1287 2954 Vitiorum
1301 2890 1342 2954 ad
1359 2887 1467 2954 divina

453 2973 878 3039 Lactanscoelidominum:
1127 2972 1233 3038 Ducat
1249 2975 1328 3038 coeli
1343 2973 1479 3053 gaudia:

454 3057 567 3124 Gaude
582 3064 685 3122 mater
699 3059 893 3138 incorrupta,
1127 3055 1197 3132 Quo
1213 3063 1245 3121 te
1261 3075 1386 3139 semper
1400 3057 1578 3133 adoremus,

453 3140 566 3207 Gaude
582 3142 684 3206 dulcis
700 3148 732 3206 et
747 3143 891 3224 innupta,
1128 3139 1363 3218 Collaudemus‚
1381 3139 1586 3205 decantemus

453 3223 566 3291 Gaude
583 3226 669 3291 salus
684 3226 855 3291 hominum.
1127 3224 1165 3289 ln
1181 3225 1311 3290 coelesti
1326 3224 1436 3305 gloria.
1460 3224 1570 3288 Amen.

469 3331 563 3389 Text.
599 3335 677 3390 Mias.
697 3334 776 3388 fratr.
795 3335 883 3389 Paris.
906 3336 982 3388 1520.

398 2178 428 2236 2.
454 2172 542 2238 Haec
557 2178 607 2239 est
622 2173 705 2238 enim
719 2174 814 2239 laude
830 2172 927 2253 digna

453 2257 585 2323 Patrum
602 2257 727 2341 scriptis
742 2264 775 2323 et
790 2276 848 2341 per
863 2257 955 2339 signa

454 2341 609 2423 Figurate
627 2343 776 2408 coelitus:

454 2425 544 2491 Haec
559 2431 609 2491 est
623 2432 726 2492 mater
741 2425 965 2508 orphanorum,

454 2510 534 2591 Spes
548 2515 709 2576 tantorum
725 2511 912 2575 miseromm

453 2592 549 2660 Vitae
563 2594 703 2661 reddens
718 2594 856 2661 additus.

959 3514 1151 3522 ..ψ

763 3668 834 3731 308.
878 3663 931 3729 Dc
951 3662 1043 3731 beata
1065 3662 1181 3729 Mur-io
1201 3662 1333 3745 cirpine.

401 3808 428 3866 1.
455 3803 538 3883 lesu,
553 3801 600 3866 iili
614 3800 728 3865 summi
742 3800 853 3880 patris,
1129 3798 1276 3864 Gloriosa
1290 3796 1350 3862 Dei
1365 3803 1477 3874 mater,

454 3884 871 3966 lesufilisanctacmatris
1128 3883 1225 3948 Cuius
1240 3887 1336 3946 natus
1351 3885 1402 3947 est
1416 3888 1449 3948 et
1463 3886 1564 3966 pater,

452 3971 497 4038 Et
510 3972 651 4036 intactae
665 3967 815 4048 virginis:
1128 3966 1439 4047 Patrisunigcnitus.

455 4054 516 4132 Qui
530 4054 570 4120 de
585 4053 673 4119 coelo
688 4049 880 4115 descendisti
1072 4056 1101 4114 4.
1128 4049 1226 4116 Cuius
1239 4049 1347 4114 alvum
1362 4049 1573 4132 praeoptavit,

453 4140 497 4205 Et
511 4136 707 4205 descendens
721 4133 852 4199 induisti
1128 4131 1385 4213 Praemundavit,
1400 4133 1599 4217 praeaptavit

454 4223 531 4289 Veri
545 4219 680 4287 formam
694 4219 846 4299 hominis3
1128 4216 1304 4297 Utriusque
1320 4218 1469 4300 spiritus;

398 4306 428 4367 2.
454 4304 800 4386 Genitricispiaprece
1127 4301 1255 4367 Nostris
1271 4320 1326 4367 ora
1342 4302 1553 4383 propeccatis

453 4388 554 4458 Nosa
574 4390 653 4468 luto,
668 4384 862 4452 nosaiaeco
1126 4383 1220 4467 Apud
1235 4383 1355 4450 iontem
1369 4385 1499 4467 pietatis

451 4475 658 4542 Peccatorum
674 4471 784 4537 ablue:
1127 4470 1170 4534 Et
1183 4468 1431 4534 misericordiae.

452 4557 497 4624 Et
511 4556 647 4625 concede
661 4556 759 4621 vitam
774 4571 897 4637 puram,
1072 4556 1101 4614 5.
1126 4552 1170 4617 Et
1184 4552 1226 4616 da
1239 4571 1313 4618 vere
1327 4553 1491 4636 poenitere

453 4644 497 4709 Et
511 4643 552 4708 da
567 4659 675 4725 pacem
690 4655 931 4722 permansuram
1126 4636 1170 4702 Et
1183 4636 1301 4702 delicta
1315 4639 1427 4702 nostra
1440 4635 1526 4715 flere,

453 4729 498 4794 Et
512 4728 648 4793 salutem
663 4724 777 4789 tribue.
1126 4719 1210 4785 Dum
1224 4728 1350 4803 tempus
1365 4725 1416 4786 est
1430 4721 1558 4787 veniae:

399 4810 428 4871 3·
454 4813 553 4879 Nobis
567 4810 632 4875 tuis
646 4807 775 4873 famulis
1126 4804 1255 4870 Etcum
1271 4801 1406 4871 tuofilio

453 4891 794 4975 Necnonapericulis
1126 4885 1240 4969 Simus,
1256 4889 1336 4954 etin
1351 4889 1432 4954 solio

453 4978 733 5049 liberariannue:
1126 4971 1280 5040 Perennis
1293 4972 1445 5041 lactitiae.
