3975 5800
845 594 1078 661 -145-

307 782 340 845 4.
364 776 433 845 Noa
447 794 525 859 argo
540 776 625 844 dulci
641 779 781 845 carmine
986 786 1015 846 5.
1042 778 1088 844 Ut
1102 783 1189 845 mota
1205 779 1290 845 dulci
1306 779 1434 845 modulo

367 862 548 928 Laudemus
562 864 595 928 iu
610 862 670 928 hac
684 863 807 945 virginc
1040 865 1106 929 Nos
1122 872 1226 930 servat
1240 866 1273 929 iu
1289 865 1347 929 hoa
1363 863 1490 929 saeculo

365 946 561 1028 Conceptum
576 948 644 1012 siue
663 949 788 1013 nubilo:
1040 949 1177 1013 Mundus
1193 949 1233 1013 nb
1250 950 1335 1014 ounni
1350 948 1496 1013 crimino:

366 1031 457 1098 Hauc
472 1036 656 1114 conceptam
672 1051 710 1097 cx
725 1030 845 1097 somine
1041 1033 1084 1097 Et
1098 1034 1130 1097 in
1146 1033 1257 1097 moltis
1272 1034 1407 1098 articulo

365 1114 410 1181 Et
423 1117 574 1182 mundam
589 1118 630 1182 ab
646 1117 768 1198 origine
1041 1116 1361 1200 Liberatapcriculo

365 1200 491 1267 Laudat
504 1201 620 1267 chorus
636 1219 706 1266 cum
722 1202 833 1267 iubilo.
1042 1201 1085 1267 Et
1098 1200 1214 1268 inferni
1230 1204 1390 1285 voragine.
1419 1204 1530 1270 Amen.

382 1299 477 1357 Text.
511 1301 591 1356 Mica.
610 1300 689 1357 fratr.
708 1302 798 1357 Paria.
819 1304 896 1357 1520.

553 1579 623 1641 181.
667 1575 709 1641 In
730 1578 924 1658 conceptione
945 1576 1050 1642 beatue
1072 1574 1203 1642 Manae
1226 1577 1370 1658 oirfn'nia

311 1718 338 1779 l.
363 1708 566 1791 Exvirgulto
582 1709 724 1778 delesse
984 1717 1013 1777 4.
1041 1710 1428 1790 Samenhocbonaiicum

363 1794 453 1860 licus
466 1794 508 1859 ad
524 1812 595 1860 csse
1038 1794 1162 1861 Numen
1182 1798 1241 1860 hoc
1257 1795 1411 1862 Deificum

365 1877 410 1945 Te
424 1879 564 1944 vocavit:
1039 1880 1173 1963 Spondit
1189 1898 1280 1945 arao:

364 1962 478 2029 Esaias
493 1967 531 2028 ut
547 1964 637 2044 prius
1038 1965 1149 2031 Genua
1165 1964 1224 2029 hoc
1239 1963 1440 2041 vnaanificum

364 2046 498 2114 Occulta
512 2048 596 2113 acius
1037 2051 1160 2129 Rugum
1177 2057 1208 2113 ot
1227 2049 1411 2129 pontificum

363 2130 583 2215 Prophetavit.
1038 2133 1289 2199 Floransohara.

983 2220 1011 2281 5.
1039 2218 1138 2282 Soror
1153 2235 1266 2297 sponso
1286 2217 1351 2282 lilia

308 2304 338 2367 2.
366 2298 481 2366 Aitsic
495 2299 658 2366 deradice
1038 2303 1155 2366 Nostra
1170 2303 1201 2366 io
1218 2302 1335 2366 cubilia

363 2384 661 2467 Iasscvirgaialice
1037 2386 1148 2451 Floras
1163 2406 1237 2450 naum
1252 2391 1289 2451 ut
1304 2384 1371 2451 lilia

364 2467 511 2535 Orietur:
1038 2473 1127 2535 Inter
1145 2472 1269 2553 spinas:

363 2550 466 2619 Stella
480 2554 578 2618 maria
594 2552 717 2632 solaria,
1039 2554 1127 2631 Quae
1143 2564 1173 2619 11
1194 2554 1312 2618 flebilia

363 2638 434 2703 Lux
449 2644 483 2702 tu
500 2637 575 2702 dum
591 2638 806 2704 circumdaris.
1036 2640 1181 2704 Rcvailct
1196 2638 1314 2703 rtvvxilia

362 2720 432 2789 Hoc
446 2723 607 2804 impletur.
1038 2724 1116 2789 Labi
1131 2725 1164 2788 in
1181 2723 1275 2787 axilla

1037 2808 1083 2872 Ut
1097 2827 1159 2873 non
1176 2809 1271 2874 siivas,

310 2894 339 2958 3.
363 2889 477 2974 Surgis
492 2895 525 2956 et
539 2891 726 2972 virguncula
983 2891 1012 2952 6.
1038 2893 1075 2959 ln
1091 2892 1295 2972 conceptione

363 2975 408 3042 ns
422 2982 460 3042 ut
474 2975 653 3041 saliuncula
1039 2977 1263 3043 llatrisllmsu
1280 2976 1362 3040 bone

363 3059 532 3125 Inchoata:
1039 3062 1169 3127 Collatia
1185 3060 1332 3140 palilibus
1349 3059 1393 3124 sis
1409 3058 1568 3123 solamen:

363 3143 505 3226 Sponsus
520 3145 553 3209 in
567 3143 701 3208 meridia
1039 3146 1279 3226 Inlioisngono

364 3226 410 3294 To
424 3232 518 3294 vocat
532 3228 685 3310 quotidie,
1040 3229 1127 3293 Coeli
1144 3247 1201 3294 nos
1218 3246 1352 3292 coronae

363 3311 444 3380 Vani
459 3319 561 3395 grata
1039 3313 1139 3396 Virgo
1154 3312 1285 3379 aedibus
1300 3313 1423 3391 iungas.
1452 3308 1563 3373 Amen.

378 3421 471 3478 Tcoet.
507 3421 585 3478 Misi.
605 3421 699 3477 Goion.
721 3425 797 3477 1504.

861 3567 1058 3578 ..α-...ῥ-

548 3665 617 3729 182.
661 3661 713 3728 De
735 3663 929 3745 conceptione
950 3664 1058 3731 beatae
1079 3661 1211 3730 Mariae
1232 3661 1376 3743 1111911ιὶ1.

309 3803 337 3865 1.
362 3793 540 3861 silvatoris
554 3803 659 3862 mater
674 3799 736 3880 pia,
1038 3797 1177 3863 Verbum
1194 3795 1291 3860 vcrbo
1307 3794 1490 3872 concepisti,

361 3879 474 3948 Mundi
489 3879 584 3945 huius
598 3900 683 3962 spen,
699 3882 814 3965 Maria,
1038 3886 1157 3962 Regem
1174 3900 1284 3962 rogum
1301 3879 1454 3962 peperisti

362 3965 431 4030 Ave
445 3964 539 4046 plana
555 3966 678 4046 gratia:
1038 3969 1138 4044 Virro
1154 3966 1212 4030 viri
1229 3966 1345 4030 urascio.

362 4047 461 4113 Porta
476 4048 567 4124 coeli,
583 4050 737 4130 templum
752 4051 821 4130 Dei,
982 4060 1012 4119 4.
1039 4053 1119 4128 Roai
1135 4059 1210 4116 nato
1226 4047 1411 4123 collocanti,

361 4132 462 4199 liaris
478 4140 599 4214 portus,
616 4134 656 4197 ad
672 4153 767 4216 quem
782 4137 828 4201 rai
1039 4136 1140 4213 Qunam
1156 4136 1281 4199 lactasti
1299 4139 1332 4196 ot
1347 4130 1464 4213 pavisti

363 4216 505 4284 Gurrunt
519 4237 589 4282 cum
605 4215 730 4283 fiducia.
1039 4221 1128 4285 1111111.
1145 4220 1257 4284 lnttiris
1273 4218 1396 4281 1111111οῑ

306 4307 336 4370 2.
364 4302 484 4368 Summi
501 4303 587 4384 regis
601 4321 720 4384 sponso
735 4304 841 4386 (ligna,
1039 4304 1128 4380 Quae
1144 4306 1311 4367 coniuncta
1326 4319 1409 4365 1111111
1425 4299 1537 4380 eidem,

257 4431 261 4442 ·
362 4383 492 4452 Cunctis
507 4386 643 4452 clemona
659 4392 691 4452 11
706 4389 846 4470 benigna
1039 4390 1084 4454 Eo
1099 4388 1209 4468 regina
1225 4387 1309 4451 facto
1325 4385 1447 4466 pridem

361 4468 502 4552 Operum
518 4469 687 4552 suffragio:
1040 4473 1178 4555 Operum
1194 4491 1251 4553 pro
1267 4471 1391 4535 tlvcrito.

362 4553 474 4620 Caenis
489 4555 606 4636 lumen,
624 4555 745 4622 claudia
761 4557 823 4637 viu,
982 4563 1012 4622 5.
1039 4558 1115 4622 Rois
1130 4574 1206 4636 crgo
1223 4555 1280 4633 lac,
1298 4556 1417 4634 ragina,

360 4637 464 4704 Nudis
479 4638 609 4705 Martha
623 4644 656 4704 ct
670 4640 774 4707 Maria
1038 4641 1132 4722 Apud
1148 4659 1264 4720 rogum,
1283 4644 1318 4702 nt
1333 4636 1425 4702 11111111

361 4722 481 4789 Mentis
496 4723 666 4789 desiderio.
1038 4726 1234 4790 Relaxautur
1249 4722 1372 4786 1111511111

305 4809 336 4873 3.
361 4806 452 4873 Inter
467 4809 577 4890 spinas
591 4807 651 4873 flos
666 4806 764 4890 luisti,
1037 4811 1079 4875 Et
1095 4827 1229 4890 regnare
1245 4806 1295 4872 loc
1311 4811 1449 4886 conatos,

362 4889 416 4957 Sic
429 4889 489 4957 llos
504 4890 576 4957 liori
591 4893 748 4975 placuisti,
1038 4897 1381 4974 llrcutuoxpurgatos

360 4973 495 5042 Pietatis
509 4977 630 5058 gratia:
1037 4979 1163 5046 Pietate
1177 4979 1280 5044 solita.

346 5079 458 5132 torna,
475 5077 610 5132 &qm
1374 5080 1420 5146 m
