3975 5800
940 562 1174 631 ..200-

404 758 435 821 3.
456 750 519 833 Qui
539 751 673 819 Saulem
694 754 939 835 persequentem
959 755 1095 829 terrens,
1116 749 1188 817 luce
1211 749 1325 818 stravit
1345 749 1510 828 tenebras,
1535 752 1575 816 ut
1601 748 1703 815 esstu's

554 838 621 903 suis
634 844 773 902 tutorem
789 848 916 901 cautum
933 837 1139 918 prospiceret.
1576 854 1585 871 ·

404 928 435 991 4.
457 921 520 989 Hic
541 920 690 987 Iudaicos
711 918 836 986 furores
857 920 950 985 sedat
968 921 1065 986 verbo
1086 919 1154 997 Dei,
1177 918 1316 985 hostium
1332 921 1564 1003 propugnator,
1591 915 1702 1001 plebem

554 1004 674 1152 911ςὲ311
701 1004 804 1070 munit
827 1006 967 1086 monitis,
991 1011 1026 1070 et
1049 1004 1189 1086 palmam
1215 1004 1255 1071 de
1279 1004 1370 1071 hoste
1395 1011 1520 1070 certam
1544 1006 1702 1087 asportme

553 1109 616 1156 ruvr
642 1109 669 1154 o.

407 1182 436 1243 5.
459 1176 524 1242 lste
537 1174 721 1259 paradisum
735 1174 870 1246 intrans,
885 1172 984 1239 vitam
999 1174 1109 1238 vivens
1123 1173 1201 1238 vicit
1215 1172 1366 1255 corporis.

407 1266 436 1327 6.
459 1260 547 1327 Idem
564 1267 635 1342 post
650 1260 762 1340 longos
777 1256 941 1322 condictus
956 1256 1109 1322 mundum
1124 1258 1190 1323 exit
1205 1258 1311 1338 palma
1325 1257 1486 1340 martyris.

407 1351 436 1410 7.
459 1342 551 1410 Nunc
564 1344 614 1409 his
629 1343 757 1408 vocibus
772 1342 865 1415 assis,
881 1341 987 1413 Paule,
1004 1339 1124 1417 favens,
1139 1341 1232 1408 nobis
1247 1342 1326 1408 daus
1340 1340 1465 1407 veniam
1480 1338 1606 1408 curisti
1624 1357 1702 1424 prece

556 1435 622 1507 tua,
638 1428 722 1492 vitae
737 1444 799 1508 quo
815 1432 978 1492 consortes
993 1427 1092 1492 simus
1107 1426 1289 1508 perhennis.

478 1553 504 1592 a.
522 1534 617 1591 Text.
653 1534 745 1590 hlorel
763 1534 816 1591 h'o.
834 1536 896 1589 245.
914 1532 944 1589 8.
963 1536 1024 1588 155.
1044 1550 1112 1588 aus:
1130 1533 1181 1588 Hs.
1200 1549 1238 1589 ru
1256 1532 1409 1590 sedamen
1425 1533 1479 1590 No.
1494 1536 1550 1591 546
1570 1532 1702 1602 lBrsntlsrl

406 1608 453 1667 ΒΖ.
473 1611 535 1675 130,
554 1611 623 1662 ohne
641 1606 774 1671 Melode'e,
793 1607 845 1660 mit
863 1606 914 1659 der
930 1605 1111 1674 Ausecbnfft:
1138 1606 1205 1660 Alia
1231 1605 1304 1662 bona
1331 1608 1477 1675 sequentia
1495 1606 1523 1661 h.
1542 1604 1702 1663 Notkeride

407 1681 668 1740 commemoratione
686 1695 708 1734 s.
728 1678 808 1733 Pauli
826 1686 916 1747 apost
935 1707 969 1718 -
989 1676 1079 1732 Morel
1097 1682 1169 1732 aetat
1186 1676 1280 1732 hister
1297 1677 1416 1734 Notkeri
1434 1679 1481 1733 eis
1496 1676 1702 1750 Freqeses‘elee

479 1769 506 1824 h.
525 1765 681 1823 cherlr.
717 1764 798 1836 „Der
815 1770 841 1820 1.
855 1763 902 1820 Vs.
913 1764 1105 1835 istEr'npeng,
1125 1766 1175 1821 der
1192 1764 1703 1836 ersteDoppeloerss’stsrseehreeba:

760 1852 813 1922 Qui
832 1851 917 1907 corda
934 1863 1110 1921 peccatorum
1128 1853 1265 1910 mundans

810 1924 863 1979 sihi
881 1939 949 1979 vasa
967 1923 1064 1980 efficit:

758 1996 811 2068 Qui
830 1996 944 2052 Senium
962 1998 1176 2065 persequentem
1193 2004 1302 2055 terram

807 2068 869 2122 luce
887 2068 987 2123 amavit
1005 2069 1146 2137 tenebras,

509 2140 559 2198 der
577 2140 689 2199 sweite:
760 2136 800 2194 Ut
817 2139 916 2195 castris
935 2140 994 2201 suis
1012 2148 1134 2196 tutorem

808 2219 919 2265 mutum
937 2210 1120 2279 prospiceret.

754 2282 808 2339 Hic
826 2281 950 2336 iudaicos
968 2280 1079 2340 furores

808 2353 887 2408 sedat
904 2354 988 2409 verbo
1009 2352 1063 2418 dei,

510 2428 560 2483 der
578 2423 680 2482 dritta:
755 2424 883 2482 Hostium
903 2435 1102 2495 propugnator,

809 2496 918 2565 plebem
938 2496 1042 2552 Christi
1059 2498 1150 2553 munit
1166 2495 1287 2567 monitis,

758 2567 797 2623 Et
813 2567 932 2637 palmam
951 2567 985 2623 de
1003 2568 1084 2624 hosts

810 2648 915 2694 certam
933 2651 1080 2709 asportare
1098 2639 1201 2707 invido,

410 2729 463 2785 mit
481 2727 558 2784 einer
575 2724 651 2782 Silbe
668 2725 746 2780 mehr
762 2726 795 2779 s‘u
813 2725 863 2780 der
881 2726 1018 2781 sorderes
1036 2725 1147 2795 Hdlste.
1184 2725 1247 2783 Der
1269 2726 1358 2784 oierte
1379 2722 1562 2798 Dcppeleere
1585 2723 1647 2783 trad
1668 2721 1710 2781 ea

410 2798 526 2857 Sebluss
543 2797 610 2854 aad
626 2797 730 2869 ricbtip
749 2796 928 2869 asportetur
962 2797 1082 2854 Bartsch
1100 2796 1129 2854 S.
1146 2800 1191 2852 24.

854 3045 925 3109 391.
967 3040 1022 3109 De
1040 3047 1148 3109 cuncto
1171 3038 1286 3109 Paulo.

435 3187 464 3248 1.
487 3178 673 3247 Concurrite
693 3177 756 3244 huc
777 3178 886 3261 populi
908 3184 942 3245 et
962 3179 1096 3260 insulae,
1116 3179 1277 3246 ruentibus
1299 3181 1337 3245 ut
1356 3177 1550 3262 promptulis
1564 3178 1717 3264 magistro

562 3264 704 3346 gentium
723 3264 892 3342 assistatis,

434 3354 464 3415 2.
486 3349 651 3415 Laudibus
665 3346 750 3413 hunc
764 3365 860 3430 super
874 3346 1008 3414 aethera
1022 3349 1196 3414 elevantes.

435 3438 464 3501 3.
486 3433 557 3507 Hic,
573 3433 666 3515 lupus
681 3431 757 3496 licet
770 3431 860 3496 ferox
875 3431 956 3496 ovile
970 3431 1090 3498 domini
1106 3433 1294 3513 turbaverit

435 3525 465 3584 4.
488 3517 598 3583 Mitior
612 3514 730 3596 agnelli
746 3514 862 3580 vellere
878 3515 1033 3595 induitur,

437 3609 466 3667 b.
488 3601 532 3667 Et
546 3599 600 3681 qui
615 3616 698 3696 nunc
713 3600 771 3664 suh
789 3601 903 3696 umbra
916 3600 1040 3698 priscae
1053 3599 1143 3682 legis,
1159 3601 1316 3669 velamine
1329 3598 1470 3666 hlosaico
1484 3597 1626 3682 obsitus,
1650 3597 1720 3668 due-

436 3772 465 3834 6.
487 3701 667 3863 Εοοεᾞιῗιῃῃιὲ
681 3683 1193 3852 ggefgteilltllllhsltlffiffitslgambaro,
1205 3768 1406 3853 pneumatice
1420 3766 1495 3851 agio
1510 3768 1653 3836 nitidum
1667 3787 1720 3836 vas

567 3850 698 3916 exhibet
714 3859 747 3916 ct
762 3850 906 3918 electum.

437 3941 466 4000 7.
488 3933 556 4001 Nec
583 3952 683 4009 mora,
711 3935 766 4000 uhi
796 3935 958 4001 Christum
987 3936 1216 4019 indignantem,
1245 3936 1329 4020 quod
1357 3935 1418 4003 sibi
1446 3935 1720 4021 praesumpsisset

566 4026 677 4084 contra
691 4020 865 4098 calcitrare,
882 4038 915 4084 se
929 4022 1076 4102 protinus
1091 4021 1252 4104 coaptavit
1265 4021 1307 4085 ad
1321 4021 1389 4086 eius
1404 4037 1491 4103 opus.

437 4108 467 4171 8.
489 4102 620 4184 Iamque
637 4102 816 4184 baptizatus
830 4111 928 4185 atque
942 4106 1096 4187 spiritalis
1111 4107 1260 4172 unctione
1274 4104 1455 4173 chrismatis
1468 4103 1611 4173 refectus
1638 4103 1720 4190 plebi

566 4188 722 4253 iustorum
737 4188 891 4269 iungitur.

438 4277 468 4340 9.
490 4271 533 4339 Et
551 4273 606 4353 qui
627 4272 722 4355 paulo
744 4276 817 4337 ante
839 4279 945 4338 castra
959 4273 1133 4340 christiana
1147 4279 1330 4357 persecutor
1344 4274 1514 4356 invaserat,
1533 4291 1595 4356 pro
1609 4273 1720 4342 iisdem

568 4355 721 4422 dimicans
737 4355 829 4438 signa
843 4358 1005 4440 corripuit.

420 4446 469 4508 10.
491 4441 534 4506 Et
558 4441 660 4591 phiffo
687 4459 860 4522 congressu
885 4443 1005 4508 rabiem
1030 4442 1194 4509 Iudaicam
1219 4443 1251 4508 in
1273 4442 1431 4509 Damasco
1453 4440 1645 4510 confuderat
1658 4439 1720 4509 acri

591 4543 608 4589 e
635 4543 663 4590 o.

420 4614 469 4676 11.
489 4608 614 4674 Exinde
630 4609 770 4675 collectis
784 4608 906 4675 viribus
921 4608 1090 4675 Arabicam
1105 4611 1239 4692 experiri
1255 4608 1417 4693 proiectus
1433 4616 1483 4676 est
1495 4610 1689 4678 barbariem.

420 4698 469 4760 12.
491 4692 637 4776 Denique
653 4694 715 4760 istc
730 4693 863 4775 belliger
877 4694 1010 4759 eximius
1025 4694 1135 4759 Asiam
1150 4701 1184 4760 et
1196 4694 1328 4777 hyhium
1349 4694 1536 4762 indomitam
1558 4692 1720 4762 monarchi

567 4778 705 4859 primatu
720 4778 907 4843 tributarias
921 4794 993 4843 esse
1007 4776 1091 4845 feeit.

420 4865 470 4928 13.
491 4860 646 4929 Noctibus
667 4870 734 4929 tam
753 4860 934 4928 indefessus
955 4879 1051 4943 quam
1067 4860 1190 4940 diebus,
1213 4862 1255 4927 ad
1274 4861 1375 4930 solam
1389 4862 1506 4930 summi
1519 4862 1719 4947 imperatoris

568 4945 695 5013 laudem
710 4952 782 5014 arte
795 4953 830 5013 et
843 4945 962 5014 virtute
974 4945 1112 5028 gloriam
1126 4944 1315 5014 adsciscere.
