3975 5800
876 621 1109 686 ..108-

680 807 751 869 555
794 803 837 868 a
849 805 937 888 aaa
959 801 1151 867 5555555
1171 800 1199 867 o.
1222 800 1273 867 Μ.
1287 823 1315 866 o.

352 939 377 995 l.
405 930 610 995 celebremus
625 929 657 994 in
672 929 732 996 hac
747 931 799 996 dic

404 1015 534 1079 Festum
549 1013 660 1080 domus
673 1015 847 1081 Zachariae

403 1098 568 1164 Laudibus
581 1097 740 1166 laetitiae:

404 1183 661 1264 Contemplemur
675 1185 720 1249 ibi
738 1189 875 1263 gestum,

403 1266 448 1330 Ut
463 1267 502 1331 de
518 1272 609 1348 gesto
624 1265 681 1333 fiat
695 1266 820 1348 festum,

403 1353 471 1417 lam
486 1351 599 1418 domus
614 1352 776 1418 ecclesiae.

349 1491 378 1550 2.
403 1484 521 1551 Thema
537 1487 601 1550 iam
615 1487 827 1566 solennitatis,

404 1568 560 1653 Copiosae
574 1569 751 1650 charitatis,

405 1651 518 1719 Gratia
533 1655 698 1718 recolitur:

403 1735 504 1814 Quam
520 1737 688 1804 Elisabeth
702 1740 798 1805 beata

404 1820 574 1888 Senectute
589 1821 780 1891 foecundata

404 1905 589 1989 Suscepisse
603 1906 764 1973 scribitur.

348 2044 376 2106 3.
404 2040 498 2106 Orbis
513 2044 601 2105 totus
616 2040 805 2122 gratuletur,

403 2122 485 2189 Toto
500 2125 594 2189 corde
609 2130 779 2191 veneretur

404 2208 513 2273 Dulcis
527 2208 685 2274 visitatio:

404 2291 599 2373 Compassivi
614 2294 718 2359 cordis
733 2291 914 2374 benignitas

404 2374 564 2441 Excessiri
579 2382 682 2442 status
701 2376 875 2457 humilitas,

404 2459 502 2526 Sacra
517 2460 701 2528 consolatio.

347 2614 376 2674 4.
403 2610 441 2674 ln
456 2611 588 2675 introitu
604 2610 726 2675 Mariae

404 2693 535 2759 Plenam
549 2699 683 2760 matrem
701 2694 890 2777 prophetiae

402 2779 541 2861 Spiritus
557 2778 733 2844 illuminat:

1079 926 1276 1005 Consortats,
1291 927 1436 1008 genitum

1076 1011 1249 1092 Roborata,
1265 1010 1409 1077 debitum

1076 1096 1167 1160 Felix
1222 1113 1296 1161 rens
1309 1095 1472 1160 terminat.

1022 1185 1050 1243 5.
1077 1180 1163 1261 Ergo
1191 1180 1252 1246 5551
1267 1179 1348 1245 hanc
1362 1178 1535 1246 auctricem

1076 1263 1188 1330 Laudo
1201 1262 1262 1329 Dei
1277 1264 1465 1346 genitricem

1077 1349 1162 1431 Syon
1177 1366 1216 1413 en
1231 1347 1442 1431 praecordiis:

1078 1431 1235 1514 Quicquid
1251 1432 1338 1498 dicas
1354 1433 1394 1497 de
1409 1431 1559 1514 benigne,

1077 1515 1183 1583 Minus
1199 1522 1250 1582 est
1264 1535 1283 1581 a
1297 1515 1391 1582 laude
1406 1515 1514 1598 digne,

1076 1600 1204 1666 Dabitis
1219 1601 1408 1682 praeconiis.

1022 1687 1051 1748 5.
1078 1685 1248 1751 Visitatrix
1261 1686 1295 1751 in
1309 1685 1479 1763 montanis,

1076 1767 1244 1835 visitatrix
1258 1769 1292 1834 in
1307 1769 1355 1834 his
1369 1767 1485 1850 planis,

1078 1852 1128 1919 Sis
1142 1854 1255 1919 matris
1270 1853 1437 1919 ecclesiae:

1077 1937 1236 2003 Medicina
1250 1936 1439 2018 Christiana,

1077 2019 1168 2098 Quod
1184 2040 1248 2086 non
1262 2022 1349 2087 valet
1362 2020 1410 2086 vis
1424 2020 1573 2100 humana,

1075 2106 1149 2172 Fiat
1164 2106 1246 2171 dono
1263 2107 1395 2186 gratiae.

1021 2190 1050 2249 1.
1075 2189 1250 2256 Benedicta
1264 2190 1441 2268 mulierum,

1075 2271 1172 2339 Sidus
1186 2274 1294 2353 maris,
1310 2274 1417 2338 lumen
1432 2289 1553 2351 verum,

1076 2359 1236 2424 Moestum
1251 2359 1414 2423 consolare
1429 2356 1560 2438 clerum,

1075 2442 1233 2527 Populum
1248 2442 1380 2507 irradia:

1076 2527 1251 2592 Benedicta
1264 2527 1386 2592 ventris
1402 2523 1451 2591 tui

1078 2611 1199 2676 Fructu
1215 2610 1299 2676 dona
1313 2610 1403 2677 nobis
1416 2608 1490 2690 frui,

1077 2695 1193 2777 Sicqne
1208 2713 1335 2778 semper
1350 2696 1450 2761 simus
1465 2691 1516 2759 sui

1077 2780 1116 2845 ln
1130 2780 1263 2862 perenni
1277 2780 1390 2861 gloria.
1420 2780 1531 2843 Amen.

417 2904 442 2943 a.
463 2885 557 2943 cht.
594 2886 670 2943 Miss.
690 2886 769 2943 fratr.
789 2886 878 2944 Paris.
898 2888 969 2943 1520
987 2886 1184 2961 (Al-Neela
1202 2905 1229 2958 p.
1251 2890 1299 2943 121
1321 2887 1432 2945 511155.
1451 2885 1651 2943 sarisburiensi

349 2963 416 3015 1555
436 2960 487 3029 (Β).
506 2990 541 3000 -
559 2959 658 3015 Daniel
678 2959 711 3027 F,
731 2961 791 3014 258.
811 2959 861 3014 bot
880 2959 933 3014 dea
950 2958 1023 3014 Text
1040 2976 1093 3015 aaa
1111 2960 1209 3015 Msale.

416 3050 442 3103 b.
462 3047 643 3103 Leaorten.
682 3052 705 3116 1,
725 3050 751 3102 5.
770 3047 807 3102 Et
824 3048 859 3103 da
877 3045 949 3104 festo
967 3048 1002 3105 A,
1021 3078 1056 3092 -
1074 3051 1101 3119 2,
1119 3051 1145 3102 4.
1164 3047 1225 3116 Qua
1243 3046 1275 3103 B.
1294 3076 1328 3087 -
1346 3050 1374 3119 2,
1389 3050 1415 3103 5.
1433 3046 1460 3103 8.
1479 3046 1600 3103 sentitur
1617 3044 1650 3100 B.

346 3149 378 3160 -
399 3124 424 3188 3,
443 3124 467 3174 5.
487 3120 637 3176 Excessiva
655 3123 689 3176 A.

417 3225 439 3263 c.
460 3206 615 3263 Bemerlc.
652 3210 678 3274 5,
698 3212 722 3263 2.
750 3207 894 3263 Ecclesiae
921 3207 1004 3263 sitnm
1033 3208 1250 3265 Sarisburiansis
1277 3207 1424 3263 manifeste
1448 3207 1539 3263 innuit
1557 3212 1648 3276 poeta

345 3280 441 3335 Neale.
461 3311 494 3320 -
513 3281 538 3349 6,
557 3282 636 3335 1-5.
655 3281 791 3335 Adamum
811 3279 845 3335 de
864 3297 886 3337 s.
906 3278 993 3335 cruca
1011 3279 1148 3336 imitatur:
1173 3280 1312 3335 Medicina
1330 3280 1482 3336 christiana
1500 3279 1587 3334 Serva
1605 3292 1648 3333 aa·

344 3369 403 3420 nos,
423 3367 523 3421 aegros
543 3368 626 3419 sana3
647 3351 728 3419 Quod
745 3368 800 3407 non
820 3352 895 3407 55155
911 3352 953 3408 515
970 3352 1094 3407 humana
1111 3352 1173 3407 Tuo
1190 3351 1241 3406 list
1258 3353 1378 3406 numine.

703 3670 774 3733 213.
819 3664 918 3751 Infra
937 3673 1079 3735 octavam
1098 3664 1296 3732 Msitotioma

346 3803 373 3862 1.
400 3798 499 3862 Decet
513 3798 608 3863 huius
624 3799 746 3865 cunctis
761 3800 848 3868 hon's

399 3882 486 3946 Festi
501 3899 577 3948 voce
592 3883 743 3950 dulcioris

399 3966 516 4031 Facere
530 3968 732 4033 memoriam:

398 4049 465 4115 Nec
480 4050 653 4133 indignum,
669 4053 726 4119 sed
740 4053 911 4136 benignum

398 4133 494 4214 Voce,
511 4137 605 4201 corde
620 4136 697 4202 dare
712 4138 839 4220 signum

397 4216 436 4284 In
453 4218 573 4284 Mariae
588 4220 732 4302 gloriam.

343 4304 371 4363 2.
396 4301 587 4370 innovemus
602 4310 707 4371 mente
720 4324 809 4387 sana,

374 4441 388 4469 ,
398 4386 491 4464 Quod
505 4393 607 4453 mater
621 4391 704 4470 petit
718 4396 869 4456 montana
943 4410 945 4415 ’

397 4470 544 4537 Salutare
559 4473 737 4554 gravidam:

397 4556 619 4639 Paranympho
633 4555 792 4638 comitata,

397 4640 516 4705 Fuerat
530 4660 593 4723 quo
608 4642 747 4709 salutata

396 4723 510 4790 Senem
526 4727 644 4793 mulcet
657 4727 815 4809 pavidam.

340 4807 369 4868 3.
396 4808 475 4873 Rem
490 4810 634 4892 miratur,
651 4811 708 4877 sed
723 4818 878 4893 matrone,

396 4892 499 4975 Unde,
514 4895 629 4976 iuquit,
644 4900 735 4962 tanta
749 4896 832 4963 dona

394 4977 473 5051 Mihi
488 4978 606 5046 dantur
619 4980 738 5051 hodie?

1074 3802 1124 3868 hd
1138 3800 1289 3883 mequod
1304 3797 1427 3864 veniret
1440 3797 1497 3864 illa

1008 3952 1010 3957 .
1072 3886 1178 3952 Mater
1191 3884 1250 3949 Dei
1266 3890 1299 3949 et
1313 3883 1430 3949 ancilla

1074 3970 1239 4051 Sceptrum
1254 3974 1366 4034 tenens
1381 3966 1525 4048 gloriae?

1016 4058 1046 4119 4.
1071 4053 1200 4118 Gaudet
1214 4053 1343 4118 clausus
1357 4069 1417 4116 sua
1431 4055 1543 4130 matre,

1072 4137 1177 4204 Sentit
1191 4136 1310 4201 Natum
1325 4135 1395 4201 sine
1409 4135 1516 4218 Patre,

1071 4223 1198 4303 Agnurn
1213 4222 1273 4286 Dei
1287 4220 1466 4303 praedicat:

1071 4305 1144 4371 Erit
1157 4323 1292 4387 magnus
1307 4304 1412 4369 intans
1430 4304 1501 4379 rite,

1070 4390 1189 4471 Regem
1204 4388 1294 4470 coeli,
1309 4391 1436 4470 rignum
1450 4388 1536 4455 vitae

1071 4474 1205 4540 Clausus
1218 4472 1332 4555 plausu
1348 4472 1477 4538 indicat.

1014 4559 1043 4620 5.
1069 4558 1188 4640 Nequit
1201 4575 1298 4623 senen
1312 4556 1484 4637 immorari,

1069 4642 1167 4725 Rapit
1180 4660 1292 4707 manus
1306 4661 1401 4707 manu
1420 4642 1489 4725 pari

1068 4727 1112 4794 Et
1125 4727 1220 4793 nimis
1234 4726 1393 4792 celeriter:

1068 4811 1243 4877 Exultabat
1256 4811 1351 4876 modo
1367 4811 1457 4891 miro,

1068 4894 1303 4979 circumplenat
1317 4896 1399 4961 hanc
1413 4894 1445 4959 in
1460 4911 1540 4977 gyro

1068 4977 1244 5049 susurro
1259 4980 1403 5050 dulciter.
