3975 5800
875 566 1107 633 —360-

340 748 369 808 2.
396 744 494 810 Ortus
509 744 615 811 Messe
630 744 758 811 civitate
1012 750 1041 811 6.
1066 745 1174 810 lesum
1190 748 1305 811 unctus
1318 742 1371 809 bic
1390 742 1514 809 eooelo

395 828 517 893 Morino
532 828 701 894 nativitate
1067 826 1470 895 PraedicabatPculizelo

395 913 502 977 Nobili
517 914 683 994 prosapie:
1069 913 1253 995 Helyaequc
1268 911 1398 994 spiritu:

396 998 478 1061 Hinc
493 995 627 1061 devotus
641 1016 661 1062 a
675 997 838 1078 primaeuo
1070 995 1115 1061 Ut
1130 997 1310 1079 compuncti
1324 1012 1459 1076 regnum
1475 994 1536 1061 Dei

395 1080 496 1162 Virgo
511 1085 580 1145 toto
595 1081 712 1146 mansit
727 1100 806 1147 nero
1068 1078 1525 1163 Assequanturperbuncrei

394 1163 536 1245 Virginis
552 1165 728 1230 clementia.
1069 1165 1183 1230 Mortis
1199 1166 1239 1230 ab
1255 1164 1398 1229 interitu.

342 1252 370 1310 3.
398 1248 479 1313 Orto
493 1265 588 1313 saeue
602 1255 694 1329 peste
709 1249 795 1314 senis
1013 1250 1042 1309 7.
1069 1248 1240 1314 Feneranti
1255 1246 1317 1312 furi
1332 1247 1465 1312 moecho

394 1332 637 1413 Languentibus
653 1336 687 1396 et
700 1333 810 1413 egenis
1069 1332 1266 1413 Scelestiquc
1281 1330 1356 1396 Iesu
1371 1348 1489 1412 praeco

395 1415 522 1481 Iuvenis
537 1415 741 1497 obsequitur:
1069 1416 1156 1482 Nulli
1171 1417 1283 1498 palpat
1298 1415 1392 1480 vitia:
1592 1474 1597 1483 .

395 1498 550 1566 Eruditus
566 1499 686 1564 triviali
1069 1501 1122 1565 Sic
1137 1502 1275 1565 micante
1292 1500 1406 1565 (lextra
1421 1496 1543 1563 Christi

396 1582 538 1649 Scientio
553 1583 683 1649 litterali
1067 1583 1239 1649 Innumera
1255 1585 1373 1649 cedunt
1387 1581 1441 1647 isti

396 1665 537 1732 Coclitus
553 1667 726 1749 perficitur.
1069 1668 1232 1733 Scelerum
1248 1667 1382 1748 flagitia.

339 1756 369 1816 4.
395 1750 433 1816 In
448 1769 579 1817 excessu
594 1750 706 1817 crebro
721 1751 838 1817 mentis
1012 1748 1042 1808 8·
1068 1752 1132 1817 Cur
1146 1752 1286 1817 ambitur
1301 1748 1529 1833 praesulatus?

396 1834 473 1899 Cibo
488 1852 599 1901 somno
615 1853 743 1901 carnem
758 1835 898 1917 demptis
1068 1835 1118 1900 En
1134 1835 1270 1916 amplius
1286 1835 1482 1901 sublimatus

394 1918 727 1985 Atteritetverbere:
1068 1920 1129 1984 llic
1144 1920 1263 2002 estqui
1279 1925 1346 1985 tres
1360 1917 1486 1983 renuit:

395 2003 491 2069 Flcns
507 2009 689 2086 prostratus
710 2002 785 2068 dum
806 2006 966 2084 precatur,
1067 2002 1187 2069 Cseeos
1202 2009 1306 2068 mutos
1320 2019 1436 2083 aegros
1451 2008 1582 2067 cunctos

395 2086 571 2153 Crucifixus
585 2087 670 2152 hunc
684 2086 801 2153 affatur
1067 2088 1319 2168 Restnurariquc
1333 2083 1505 2151 defunctos

396 2170 525 2236 Nudum
539 2171 645 2237 nudus
661 2189 805 2253 sequere.
1067 2171 1129 2236 Per
1144 2172 1229 2237 bunc
1242 2171 1329 2237 Deus
1343 2168 1468 2235 annuit.

340 2254 368 2312 5·
396 2254 550 2320 Mundum
567 2273 730 2337 spernens,
752 2254 966 2337 opes‚'genus‚
1012 2250 1041 2309 9·
1068 2255 1187 2320 Procco
1203 2256 1289 2336 regis
1305 2259 1338 2319 et
1352 2254 1487 2318 lucerna

397 2338 463 2404 Sub
480 2339 835 2421 Franciscofitcgenus
1068 2337 1520 2421 Facspirenrusodsuperno

396 2421 456 2486 Die
470 2423 558 2505 quali
573 2423 731 2488 uescitur:
1068 2424 1156 2488 Dans
1173 2424 1223 2488 lric
1238 2422 1470 2505 patrocinium:

395 2506 532 2587 Moxque
548 2507 650 2588 primo
665 2507 722 2572 tali
739 2507 790 2571 die
1068 2505 1114 2571 Ut
1129 2508 1252 2572 talenta
1268 2505 1359 2571 nobis
1375 2504 1454 2569 data

395 2589 615 2655 Praeuileetus
629 2590 681 2654 hic
696 2591 819 2656 Mariae
1068 2589 1256 2671 References
1271 2589 1435 2672 duplicata

397 2672 583 2739 Celebrasse
599 2672 723 2739 dicitur.
1068 2674 1230 2742 lntremus
1246 2674 1277 2739 in
1293 2673 1457 2755 gaudium.
1490 2672 1599 2737 Amen.

413 2780 502 2838 Text.
540 2782 620 2838 illics.
639 2780 717 2838 fratr.
736 2782 825 2838 Paris.
846 2785 923 2839 1520.

914 2967 936 2973 ..,
944 2966 954 2971 -
963 2965 1091 2973 ....,-.-

606 3111 676 3171 518,
720 3106 773 3172 De
793 3126 819 3171 s.
841 3106 1051 3172 Bernordiuo
1073 3107 1197 3172 ordio-is
1217 3109 1386 3173 recisorum.

355 3245 382 3302 1.
407 3238 640 3305 Bernardiuum
656 3239 831 3306 salutemus
1024 3246 1053 3306 3.
1080 3240 1217 3322 Oquam
1233 3247 1379 3307 sanctum
1394 3240 1454 3306 Dei
1471 3241 1594 3323 probat

407 3322 548 3389 Affectus
562 3323 712 3406 tripudio.
1079 3326 1250 3407 Sanguinis
1264 3324 1385 3404 effusio,

405 3408 544 3472 Clarum
559 3408 626 3473 Deo
644 3408 826 3473 invocemus
1078 3411 1140 3474 Per
1155 3409 1237 3473 hunc
1252 3410 1387 3474 multum
1403 3409 1581 3475 decoratur

404 3491 466 3557 Pro
482 3493 534 3574 pio
550 3492 721 3572 praesidio.
1078 3493 1237 3558 Minorum
1254 3494 1376 3574 religio.
1417 3495 1426 3512 '

1022 3580 1050 3641 4.
1078 3577 1164 3658 Ergo
1180 3577 1291 3643 leudes
1306 3577 1511 3643 Bemnrdino

348 3665 377 3724 2.
403 3657 513 3740 Ipsum
528 3657 680 3724 mundum
697 3658 906 3740 perlustravit
1077 3660 1231 3727 Concinut
1245 3661 1324 3727 haec
1339 3661 1460 3743 concio,

402 3741 529 3807 Ardens
544 3743 750 3825 praedicatio,
1075 3743 1191 3809 Omnes
1207 3751 1413 3827 sonabatque
1430 3746 1523 3811 iuvat

403 3825 503 3902 Quem
518 3825 558 3890 de
574 3827 670 3891 terris
687 3825 873 3892 sublimavit
1074 3827 1166 3894 Illius
1181 3829 1294 3907 oratio,

402 3910 439 3975 ln
457 3911 536 3975 coeli
553 3910 697 3991 collegio.
1074 3912 1176 3977 Corde
1192 3913 1219 3978 si
1235 3913 1385 3996 poscitur.
1418 3912 1532 3978 Amen.

418 4035 442 4072 c.
462 4017 554 4072 Yeaet.
591 4019 668 4075 Miss.
687 4019 766 4073 fratr.
784 4018 873 4074 Paris.
894 4019 971 4073 1520.

417 4104 443 4158 b.
462 4103 644 4159 Lecarten.
680 4109 706 4175 2,
727 4110 750 4160 1.
769 4105 880 4160 mundo.
899 4105 977 4161 Miss.

711 4444 782 4504 519.
826 4438 879 4504 De
899 4460 924 4505 s.
948 4439 1141 4505 Berobordo
1163 4438 1281 4505 abbate.

345 4555 424 4624 (Geb.
443 4558 513 4611 1091
533 4558 589 4627 ares
605 4557 665 4612 olem
683 4556 809 4612 Selrlosse
828 4553 1047 4681 Ροηίαξόεεάῠεὶ
1056 4555 1166 4695 )Dr'jou,
1191 4560 1259 4625 qest.
1278 4557 1321 4609 20.
1339 4555 1412 4626 Aoo.
1433 4559 1515 4626 1153,
1538 4571 1600 4612 verr

960 4668 966 4681 .
1014 4643 1057 4697 oq.

348 4755 375 4814 1.
400 4749 489 4815 Bone
503 4749 615 4816 doctor
1017 4755 1045 4814 2.
1072 4749 1136 4813 Fac
1150 4754 1282 4830 gustare

399 4833 443 4898 Et
456 4835 569 4900 salutis
585 4836 656 4900 vioe
671 4833 794 4915 ductor,
1072 4833 1231 4899 Coelestia
1246 4841 1279 4899 et
1294 4851 1414 4916 amare,

400 4916 636 4985 OBemharde.
1072 4916 1311 4984 OBernhcrde.
