3975 5800
875 664 914 679 -
959 630 1107 697 ³⁷4-

602 816 673 878 545.
716 808 769 879 Dc
787 830 815 877 a.
837 810 997 896 Dionysio
1019 810 1163 894 episcopo
1185 813 1214 874 ct
1234 812 1386 893 aonam.

540 919 630 989 (Geel.
658 938 695 977 aa
721 920 809 976 Poris
836 938 883 977 um
910 921 963 978 dos
985 919 1012 977 J.
1031 923 1094 988 272,
1121 919 1231 975 aerehrt
1257 920 1347 975 1169.
1367 914 1446 987 oar.)

717 1026 834 1095 (Auctor
850 1026 970 1081 habetur
987 1024 1097 1081 Notker
1114 1022 1267 1094 Balhulus)

364 1158 391 1217 l.
414 1147 602 1215 Exultemus
615 1148 648 1213 in
663 1148 727 1213 ista
741 1148 858 1215 iratres
873 1149 1086 1229 solemnitate,
1098 1149 1238 1231 gaudeat
1249 1146 1371 1229 pariter
1386 1144 1492 1210 omnis
1503 1140 1639 1209 ecclesia

362 1240 391 1301 2.
413 1235 507 1300 Diem
520 1250 662 1297 annuum
677 1233 794 1315 colens,
811 1236 921 1316 quoin
936 1233 1122 1299 coenobium
1136 1232 1299 1301 Dionisius
1313 1228 1446 1313 praesul
1460 1226 1639 1311 magnificus

362 1324 391 1385 3.
414 1317 495 1384 Cum
509 1315 641 1383 Rustico
656 1322 690 1381 et
704 1316 890 1385 Eleutherio
905 1319 973 1384 suis
987 1318 1084 1385 sociis

361 1411 392 1469 4.
413 1400 561 1484 Martyrii
576 1418 692 1467 corona
706 1402 893 1484 splendidus
908 1403 1032 1468 coelum
1047 1400 1149 1484 petiit.

361 1493 391 1553 5.
413 1486 474 1552 llic
499 1484 633 1581 Athenis
651 1487 820 1581 'quondam
843 1487 1055 1570 philosophus
1080 1491 1114 1551 et
1134 1486 1322 1570 ariopagita
1341 1484 1446 1551 dictus
1469 1480 1638 1548 intersum

362 1659 390 1720 6.
413 1653 477 1720 Sed
490 1574 756 1734 {asstriffgnlprriffis
771 1654 891 1738 apicem
907 1659 1116 1737 cunctamque
1130 1653 1266 1736 gloriam
1280 1651 1390 1719 mnndi
1405 1650 1530 1735 sprevit
1546 1649 1638 1717 emal

362 1827 392 1886 7.
414 1822 442 1887 A
457 1737 825 1904 qussoifllstgrsngtffrlshatquo
839 1824 1043 1907 baptismatis
1058 1824 1163 1905 gratia
1177 1821 1263 1889 lotus

361 1910 391 1972 8.
414 1904 549 1973 Praesul
563 1911 596 1970 ct
610 1906 721 1973 doctor
735 1908 823 1989 plebi
837 1910 1046 1991 praeponitur
1060 1907 1257 1987 Atheniensi,

361 1994 390 2058 9.
413 1989 516 2067 Quam
530 1988 642 2055 lucifer
655 1991 745 2058 velut
758 1991 888 2072 quidam
903 1992 1033 2059 radians
1048 1992 1195 2059 omnibus
1210 1992 1298 2058 exuit
1311 2007 1457 2056 errorum
1473 1986 1612 2055 tenebris

342 2078 391 2140 10.
413 2075 460 2140 Ac
475 2075 633 2156 dogmatis
648 2076 731 2141 sacri
747 2076 854 2142 lumen
870 2078 999 2143 nuntiat
1012 2077 1138 2159 patriae
1152 2094 1211 2142 nec
1225 2095 1288 2142 non
1303 2078 1336 2141 et
1350 2074 1465 2140 vicinis
1487 2072 1637 2157 gentihus.

342 2163 391 2224 11.
413 2156 491 2225 Post
504 2161 582 2225 haec
596 2159 765 2226 instinctus
779 2178 888 2225 amore
903 2160 1010 2226 divino
1025 2167 1059 2226 ot
1073 2180 1093 2226 a
1107 2159 1255 2244 praesule
1269 2158 1445 2242 apostohco

340 2248 391 2308 12.
413 2242 533 2309 Visitat
546 2250 659 2324 gentes
674 2247 785 2327 procul
799 2245 983 2312 habitantes
998 2251 1032 2311 et
1046 2243 1165 2311 ferocia
1179 2264 1279 2328 regna
1293 2242 1428 2323 Galliae,

341 2332 391 2394 13.
412 2328 450 2394 ln
470 2327 585 2425 quihus
605 2329 754 2394 continuo
773 2330 961 2412 praedicans
981 2348 1019 2396 ac
1040 2328 1194 2412 plurimos
1214 2330 1376 2395 hominnm
1399 2329 1590 2393 convertens
1602 2322 1636 2390 ad

341 2499 390 2562 14.
413 2411 756 2577 Posttrlgrffclnnghnimpiis
771 2501 897 2579 capitur
912 2504 945 2564 et
954 2516 1013 2580 pro
1023 2496 1145 2563 Christi
1156 2497 1282 2563 nomine
1293 2511 1365 2562 cum
1377 2494 1476 2562 sociis
1485 2493 1635 2579 plectitur.

341 2584 390 2646 15.
413 2579 551 2662 Oquam
565 2578 642 2646 lelix
655 2579 798 2676 Parisius
813 2581 936 2663 civitas,
959 2600 1022 2666 qua
1044 2583 1128 2649 tanti
1147 2581 1299 2663 martyris
1319 2578 1450 2665 sepulta
1471 2584 1636 2645 noscuntur

340 2751 389 2813 16.
412 2746 477 2814 Sed
489 2682 565 2814 (18εέ
579 2681 884 2831 ffifri’ffsrqmospom
905 2751 1011 2831 beata,
1034 2768 1117 2833 quae
1138 2756 1220 2816 nutu
1241 2766 1356 2834 supero
1379 2747 1635 2816 translatarum

489 2849 564 2897 ossa
578 2837 668 2898 tenet
683 2832 805 2897 eadem.

340 2922 390 2984 l‘l.
412 2914 498 2999 Ergo
517 2918 581 2982 iarn
601 2924 773 3000 utrumque
796 2918 947 3002 populum
967 2937 1026 2985 nec
1048 2938 1112 2985 non
1134 2937 1243 2985 omnes
1266 2919 1458 2985 adiuvamen
1479 2923 1571 2984 tuum
1583 2915 1634 2980 rite

340 3090 389 3157 18.
412 3084 503 3153 Preci
513 3010 767 3153 affirmem
782 3085 901 3152 sedulis
916 3103 1040 3152 summo
1055 3087 1123 3170 regi
1138 3088 1317 3155 venerande
1332 3091 1457 3168 martyr
1472 3103 1491 3151 o
1504 3080 1634 3168 Dyonisi·

412 3192 507 3251 Text.
543 3195 645 3253 Daniel
662 3195 697 3264 11,
716 3195 820 3251 54111
839 3195 884 3250 die
902 3199 928 3251 1.
946 3193 1024 3251 Zeila
1043 3210 1059 3251 a
1079 3195 1145 3254 cod.
1164 3195 1240 3252 dlon.
1260 3198 1286 3252 6.
1305 3210 1377 3254 saec.
1396 3191 1634 3251 xL-aeaaa·

339 3265 432 3325 calcea
449 3266 468 3325 l.
487 3270 530 3324 61.
549 3267 600 3325 luat
616 3269 673 3323 mir
690 3265 729 3323 Η.
748 3267 843 3324 Christ
862 3267 915 3322 den
933 3267 1134 3324 ooroulrmden
1152 3266 1224 3325 laec
1242 3266 1464 3340 ahpmchrr'edca.

794 3589 864 3652 546.
907 3582 960 3651 De
981 3604 1007 3649 s.
1027 3582 1193 3667 Dionysio.

726 3700 843 3769 (Auctor
861 3709 905 3760 cst
923 3701 1011 3759 Adam
1031 3699 1065 3758 do
1084 3701 1111 3758 S.
1130 3699 1264 3768 Victore.)

341 3827 369 3889 1.
395 3818 509 3886 Gaude
524 3818 614 3901 prole
632 3816 769 3887 Graecia
1072 3822 1136 3890 Sed
1152 3823 1251 3888 istum
1266 3818 1438 3904 praecipuo

395 3902 560 3970 Glorietur
576 3901 684 3969 Gallia
1071 3906 1196 3972 Recolit
1215 3905 1344 3970 assidue

396 3985 493 4052 Patre
507 3985 676 4067 Dionysio:
1071 3990 1201 4071 Regalis
1216 3989 1360 4054 ecclesia.

395 4069 528 4136 Exultat
543 4070 672 4136 uberius
1015 4077 1045 4138 4.
1070 4073 1132 4140 Hic
1147 4092 1167 4138 a
1183 4090 1307 4138 summo
1322 4073 1471 4155 praesule

395 4153 494 4221 Felici
510 4153 651 4219 Parisios
1071 4157 1222 4223 Directns
1237 4158 1269 4223 in
1286 4155 1423 4223 Galliam

395 4237 536 4305 Illustris
551 4236 716 4320 martyrio.
1071 4241 1144 4305 Non
1160 4243 1264 4323 gentis
1279 4241 1463 4309 incredulae

341 4326 371 4388 1.
396 4321 668 4404 Specialigaudio
1070 4324 1395 4391 Vereturinsaniam.

396 4407 487 4472 Felix
501 4406 607 4488 gaude
622 4406 730 4471 concio
1016 4410 1044 4470 5.
1071 4407 1238 4474 Gallorum
1254 4410 1393 4492 amplius

395 4491 576 4574 Martyrum
591 4489 790 4572 praesentia:
1070 4493 1214 4559 Venerat
1227 4493 1404 4569 Luteciam,

398 4574 540 4651 Quorum
556 4575 733 4657 patrocinio
1071 4575 1174 4652 Quam
1189 4576 1320 4643 tenebat
1334 4578 1489 4645 subdolus

398 4659 528 4726 Gaudet
542 4665 612 4725 tota
626 4658 714 4740 regio
1070 4660 1183 4726 Hostis
1200 4661 1476 4745 velutpropriam.

397 4743 502 4824 Regni
517 4748 585 4808 stat
597 4742 750 4825 potentia.
1016 4740 1046 4804 6.
1071 4743 1132 4808 llic
1147 4762 1292 4810 errorum
1307 4747 1464 4830 cumulus,

341 4825 372 4890 6.
397 4826 491 4892 quta
505 4833 630 4908 patrem
645 4827 742 4910 positi
1071 4826 1132 4893 Hic
1148 4829 1250 4894 omnis
1268 4831 1434 4914 spurcitia,

397 4909 575 4976 Bellatores
589 4911 700 4993 inclyti
1070 4910 1409 4998 Hicinlehspopulus

397 4993 497 5078 Digni
510 4999 587 5062 sunt
600 4993 772 5062 memoria:
1073 4991 1403 5067 Gaudensidolatria.
