3975 5800
893 593 1020 689 ...72
1062 625 1106 638 -

344 778 373 840 3.
400 770 494 838 Salve
509 791 587 838 crux
601 777 721 854 sancta,
1018 783 1048 842 4.
1075 772 1160 838 Audi
1176 790 1243 854 nos,
1258 791 1315 839 rex
1331 772 1466 854 Christe,

398 856 483 922 Vera
498 874 573 939 spes
588 876 682 923 verae
698 856 820 937 salutis,
1074 857 1222 923 Clemens
1237 863 1270 923 et
1284 858 1474 939 misericors,

399 940 461 1005 Per
474 945 507 1006 te
523 941 683 1007 salvemur
1074 942 1186 1007 Deduc
1200 959 1258 1007 nos
1274 943 1333 1007 hoc
1348 943 1439 1024 signo

399 1025 532 1107 Semper
547 1043 567 1090 a
581 1026 741 1108 periculis.
1074 1026 1125 1091 Ad
1142 1032 1273 1093 aeterna
1288 1026 1414 1108 gaudia.

413 1149 439 1188 a.
457 1132 552 1187 Tcat.
587 1135 743 1189 MoneNo.
765 1135 878 1202 103.(1,
900 1135 970 1202 137.)
1000 1150 1070 1189 ouo:
1098 1133 1309 1204 „Reichcnaucr
1327 1134 1476 1205 Pera-He.
1513 1137 1566 1192 No.
1585 1139 1608 1190 21

341 1203 390 1347 (11332.
408 1208 451 1331 131.
469 1206 521 1345 r3u't
539 1203 748 1261 Masiknoteu.“
759 1206 901 1262 -Daniel
920 1205 954 1275 V,
972 1207 1016 1260 91.
1035 1206 1085 1260 hot
1102 1207 1153 1261 den
1172 1208 1290 1278 Arasonp
1307 1224 1361 1263 auu
1381 1207 1446 1264 cod.
1466 1209 1493 1263 S.
1511 1207 1608 1262 Gall.5

378 1291 428 1331 ran
449 1293 498 1331 er.

413 1365 439 1418 b.
459 1362 615 1417 Bemerlc.
655 1366 678 1431 1,
693 1365 718 1416 4.
738 1360 884 1430 „Salutate
903 1361 976 1414 steht
988 1360 1043 1428 sair
1062 1361 1138 1415 salus
1157 1361 1225 1415 oder
1244 1361 1373 1430 salvator,
1393 1362 1484 1416 dieser
1499 1361 1608 1417 Gabrae

341 1434 585 1562 'debirmtsnoerllffp
599 1435 709 1561 made
737 1449 790 1488 aaa
817 1433 867 1487 dor
889 1433 1080 1502 griechischen
1098 1431 1345 1500 Kirctempracte
1368 1435 1400 1488 in
1419 1434 1465 1488 die
1482 1435 1608 1489 loteiuieo

799 1729 849 1789 61.
892 1723 943 1790 De
963 1729 1076 1790 sancto
1096 1742 1197 1788 cruce.

346 1867 372 1926 1.
398 1860 481 1927 Ecce
495 1860 590 1926 arhor
606 1861 769 1938 salutarie,
1072 1856 1470 1924 Tesalvatorsubhmavit

397 1944 534 2026 Lignum
549 1950 703 2024 sanctum,
720 1961 831 2027 expers
846 1943 933 2026 paris
1072 1942 1116 2006 Et
1128 1947 1162 2006 te
1177 1943 1269 2008 nohis
1287 1944 1495 2023 consecrauit,

397 2029 537 2111 Fulgeus
553 2028 671 2094 Christi
686 2029 857 2109 sanguiue:
1073 2025 1121 2090 Tu
1136 2044 1171 2091 es
1188 2030 1298 2091 nostra
1312 2026 1425 2107 gloria.

396 2113 466 2178 Hoc
480 2113 630 2178 vexillum
645 2111 847 2194 triumphale,
1018 2113 1047 2173 6.
1073 2109 1188 2175 Contra
1206 2111 1315 2176 hostes
1329 2115 1365 2176 tu
1380 2112 1493 2189 tutela,

397 2196 725 2279 Interlignanullum
740 2198 804 2262 tale
1074 2194 1194 2259 Contra
1209 2195 1336 2260 morbos
1350 2199 1388 2259 tu
1402 2196 1535 2275 medela,

397 2281 500 2345 Tanto
515 2282 636 2346 clarum
652 2281 804 2362 germine.
1075 2277 1169 2343 Salus
1184 2280 1216 2342 in
1233 2279 1400 2359 periculis:

342 2365 371 2426 2.
398 2365 600 2430 leneus-hoc
614 2365 696 2431 finus
711 2365 836 2445 anguis,
1074 2364 1111 2426 ln
1126 2363 1245 2427 virtute
1260 2365 1412 2443 gratiosa,

397 2448 561 2515 Pretiosus
575 2449 665 2514 cuius
681 2449 811 2530 sanguis
1072 2446 1110 2511 In
1125 2447 1296 2528 triumphis
1311 2447 1461 2528 gloriosa,

374 2533 515 2613 ,Plagas
530 2540 659 2599 nostras
677 2533 827 2598 abstulit:
1074 2532 1265 2597 Veneranda
1280 2532 1427 2597 saeculis.

399 2618 484 2682 Dum
499 2635 668 2698 percussus
683 2636 703 2682 a
718 2620 877 2697 serpente,
1018 2616 1047 2678 1.
1072 2615 1110 2680 In
1125 2622 1157 2680 te
1173 2621 1306 2680 mortem
1321 2633 1407 2681 mors
1421 2617 1554 2696 necavit,

396 2702 470 2782 ipso
485 2702 577 2768 uobis
593 2701 790 2779 condolente,
1071 2700 1156 2764 Dum
1173 2718 1207 2764 se
1223 2699 1326 2780 ipsum
1341 2700 1519 2767 immolavit

398 2783 439 2850 Se
454 2787 661 2865 spectandum
676 2785 804 2850 obtulit.
1071 2781 1157 2849 Vera
1172 2782 1319 2850 Christus
1334 2783 1453 2849 hostia:

342 2868 371 2930 3.
397 2869 457 2935 Hic
472 2873 523 2935 est
536 2869 646 2950 lectus,
663 2887 724 2950 quo
739 2867 902 2951 perfectae
1072 2866 1181 2933 Parte
1197 2866 1345 2934 Christus
1359 2868 1452 2936 hoste
1466 2874 1575 2950 strato,

397 2953 549 3019 Caritatis
565 2955 621 3019 dat
636 2955 771 3020 dilectae
1073 2952 1201 3018 Inferna
1217 2952 1407 3034 despoliato,

398 3036 541 3119 Sponsus
555 3057 690 3120 sponsae
705 3037 855 3121 pignora:
1073 3037 1122 3102 Ad
1138 3055 1173 3102 se
1189 3039 1287 3102 traxit
1302 3039 1418 3103 omnia.

397 3122 481 3186 Dum
498 3122 566 3188 eius
582 3140 689 3188 amore
705 3126 826 3187 motum
1017 3118 1047 3178 8·
1074 3121 1207 3186 Crucem
1221 3126 1310 3186 tuam
1325 3121 1379 3202 qui
1394 3125 1533 3205 portasti

397 3205 524 3272 Trihuit
538 3225 572 3272 se
587 3208 689 3291 ipsum
705 3213 808 3273 totum
1073 3205 1116 3269 Et
1131 3225 1190 3270 nos
1203 3207 1312 3287 lapsos
1328 3209 1487 3288 reparasti

396 3290 511 3356 Mortis
525 3309 634 3357 serens
650 3291 790 3358 vulnera.
1072 3289 1214 3372 Propriis
1231 3290 1410 3356 doloribus:

339 3370 369 3430 4·
395 3375 457 3440 Hic
472 3376 622 3441 dilectum
636 3375 847 3441 rubicundum
1073 3374 1136 3438 Fac
1152 3376 1312 3457 nosipsos
1328 3375 1499 3457 abnegare,

395 3458 521 3541 Sponsa
536 3478 639 3537 cerne,
655 3459 697 3523 da
711 3478 766 3525 cor
780 3459 933 3525 mundum
1074 3457 1206 3523 Crucem
1220 3466 1363 3523 nostram
1378 3460 1522 3527 baiulare

395 3543 439 3607 Et
453 3543 602 3623 amplecti
618 3544 747 3623 cupido:
1073 3542 1197 3609 Sanctis
1214 3544 1246 3607 in
1261 3543 1422 3625 operibus.

395 3627 446 3691 Du
459 3627 632 3708 amplexus,
648 3627 714 3708 liga
729 3645 837 3706 nexus,
1016 3632 1045 3693 9.
1070 3626 1180 3692 Laude
1196 3628 1299 3692 crucis
1314 3626 1369 3709 qui
1384 3629 1553 3709 laetamur,

395 3710 457 3775 Hic
472 3711 599 3789 amoris,
616 3713 732 3791 cordis,
750 3712 814 3776 oris
1072 3710 1209 3787 Christe,
1226 3712 1276 3790 da,
1291 3717 1327 3776 ut
1341 3714 1523 3778 muniamur

395 3793 441 3859 Ut
455 3792 572 3860 fruaris
587 3794 733 3860 candido.
1071 3794 1181 3861 Crucis
1195 3795 1365 3862 beneficio:

340 3884 369 3947 5.
397 3877 423 3944 0
439 3897 526 3955 crux,
541 3898 609 3955 uve,
626 3879 717 3943 dulce
733 3880 863 3959 lignum,
1071 3878 1163 3945 Utin
1178 3898 1271 3945 cruce
1286 3880 1469 3960 gloriemur,

397 3962 583 4028 Orthodona
596 3962 691 4028 laude
706 3963 837 4044 dignum
1071 3964 1139 4029 Tuo
1155 3965 1246 4029 vultu
1262 3964 1417 4030 satiemur

396 4047 598 4129 Dignumque
613 4050 782 4114 memoria:
1071 4048 1107 4112 ln
1124 4048 1203 4113 coeli
1218 4049 1349 4129 palatio.

413 4171 437 4210 a.
456 4155 481 4209 T
488 4172 527 4210 etc
535 4161 554 4211 t.
574 4156 657 4211 Moue
667 4157 719 4212 No.
731 4160 791 4211 107.
801 4156 837 4224 (1,
849 4156 919 4220 140.)
929 4170 994 4209 aas:
1005 4153 1075 4223 „Hs
1086 4173 1123 4211 zo
1132 4147 1305 4212 Darmstodt
1320 4157 1372 4212 No.
1385 4159 1462 4213 1228.
1472 4160 1514 4212 15.
1525 4155 1608 4211 Johrl

343 4254 374 4267 ·-
393 4228 494 4282 Daniel
514 4228 547 4296 V,
569 4232 628 4283 161.
647 4229 698 4282 hut
716 4229 769 4281 deu
787 4226 857 4281 Text
876 4243 929 4282 aas
950 4226 1042 4281 Mone.

410 4315 436 4369 b.
455 4314 637 4370 Lesurterz.
677 4320 700 4384 1,
720 4318 744 4369 5.
764 4315 867 4383 lignum
886 4315 935 4370 Hs.
955 4344 989 4354 -
1008 4318 1035 4381 3,
1045 4318 1070 4370 6.
1090 4313 1260 4384 „Eortweder
1278 4332 1380 4372 sanans
1400 4319 1468 4372 oder
1486 4332 1608 4372 curansr

340 4388 458 4440 aetrcn.“
477 4387 568 4442 Mone.
588 4417 622 4428 -
641 4389 668 4455 8,
687 4391 712 4441 2.
731 4387 826 4456 lapsos
845 4387 892 4455 qui
910 4400 968 4455 rep.
987 4385 1037 4442 Ha.

411 4490 434 4528 c.
452 4472 606 4529 cherlr.
644 4476 669 4527 ⁷.
687 4471 770 4528 Nach
789 4472 853 4528 Joh.
872 4476 960 4541 3,14.

887 4614 1087 4622 --.---.--ο

621 4689 671 4763 68.
715 4692 758 4757 Io
783 4695 1073 4761 comrrwmorutc'oae
1093 4698 1224 4760 sauctae
1246 4693 1358 4759 araas.

343 4811 369 4871 1.
394 4806 592 4874 Veneremur
607 4810 709 4875 crucis
725 4809 855 4891 liguum,
1068 4811 1139 4877 Hoc
1153 4816 1204 4876 est
1218 4829 1354 4892 namque
1369 4828 1494 4877 sacrum
1504 4809 1607 4890 signur

395 4889 488 4967 Quod
504 4893 563 4957 hac
577 4894 629 4959 die
642 4894 705 4960 luit
719 4895 850 4976 dignum
1068 4895 1130 4962 Per
1144 4895 1229 4976 quod
1244 4896 1398 4962 vincimus
1413 4894 1596 4976 malignum,

394 4974 494 5042 Ferre
508 4977 605 5044 saecli
618 4980 769 5062 pretium:
1069 4979 1112 5045 Et
1126 4978 1276 5061 fugamus
1290 4980 1413 5047 vitium.
