3975 5800
874 579 1105 641 -392-

345 763 374 823 3.
402 756 515 824 Ofens
529 757 754 840 professorum,
1018 759 1046 820 6.
1073 754 1188 821 Datori
1203 753 1368 831 bonorum,

400 841 476 907 Vita
492 841 703 923 perfectorum
1073 838 1118 904 Ut
1133 840 1224 921 gregi
1240 846 1424 904 sanctorum

402 926 466 990 Nes
481 927 555 991 iuva
570 925 746 990 Francisce.
1075 924 1248 1004 Iungamur
1261 922 1443 988 Francisce.

343 1013 373 1072 4.
401 1013 515 1075 Aestus
531 1010 690 1088 vitiorum,
1018 1014 1046 1073 ῖ.
1073 1007 1110 1073 In
1126 1025 1224 1090 regno
1240 1007 1402 1073 coelomm

400 1094 496 1160 Virus
510 1099 713 1175 peccatorum
1072 1090 1378 1172 Chorcaugelorum

399 1176 495 1243 Dilue
509 1178 687 1243 Francisce.
1072 1174 1216 1242 Concede
1231 1174 1407 1241 Pnancisce.
1438 1174 1553 1242 Amen.

344 1264 374 1325 5.
399 1260 592 1343 stigmatum
607 1280 770 1327 sacrorum

399 1344 498 1428 Signa
512 1344 729 1411 mirandorum

398 1428 541 1496 Ostende
556 1429 735 1508 Francisce,

414 1537 508 1593 Text.
545 1536 829 1594 hiiss‚iratr.1’aris.
850 1538 928 1593 1520.

895 1724 1092 1735 -·.---—

588 1878 658 1938 574.
702 1870 755 1937 Dc
776 1871 954 1938 beatissimo
968 1876 1067 1953 patre
1088 1876 1196 1935 aestro
1217 1868 1403 1937 Francicco.

346 2012 373 2072 l.
399 2006 590 2073 Gratulctnr
605 2006 699 2071 hodie
1016 2012 1045 2071 4.
1071 2006 1154 2071 Dum
1170 2007 1202 2071 in
1217 2005 1314 2070 terris
1329 2024 1426 2089 opere

398 2091 739 2173 Pauperumcnllegic,
1072 2090 1223 2155 Formam
1238 2088 1358 2155 Christi
1373 2108 1491 2171 gerere

396 2174 552 2240 Exsnlvat
568 2175 710 2239 laetitiae
1071 2175 1150 2240 Vult
1164 2182 1198 2239 et
1212 2175 1302 2255 sequi
1317 2174 1488 2256 dogmata:

396 2259 566 2325 Francisco
583 2258 796 2340 praeconium,
1072 2258 1191 2322 Palmis
1206 2258 1325 2339 plantis
1342 2259 1445 2325 latere

395 2342 495 2420 Quem
511 2343 660 2408 coelestis
675 2344 782 2407 curiae
1072 2340 1255 2407 Transfixus
1270 2360 1328 2424 pro
1344 2343 1479 2407 vulnere

396 2427 544 2509 Suscepit
562 2428 768 2504 consortium,
1072 2426 1172 2491 Sacra
1186 2432 1293 2506 gestet
1308 2426 1471 2508 stigmata.

395 2511 433 2576 Iu
456 2529 519 2594 quc
535 2512 620 2590 regis
636 2510 758 2591 gloriae

398 2594 640 2676 Corrtcmplatur
659 2594 767 2659 filium.
1016 2599 1044 2658 5.
1071 2594 1132 2659 Hic
1147 2592 1296 2674 splendet
1308 2595 1474 2661 miraculis

341 2680 370 2742 2.
396 2679 466 2743 Iam
481 2680 513 2743 in
530 2677 626 2743 coelis
641 2676 759 2743 fruitur
1071 2677 1194 2753 Tantis,
1209 2677 1294 2758 quod
1310 2697 1330 2743 a
1345 2680 1484 2745 saeculis

308 2822 313 2829 .
396 2763 490 2841 Luce,
507 2779 589 2844 quac
604 2779 666 2825 non
681 2761 802 2844 patitur
1072 2760 1185 2826 Parem
1200 2780 1263 2826 non
1278 2762 1424 2827 invenio:

396 2846 507 2912 Finem
522 2863 625 2927 neque
641 2846 829 2924 terminum,
1071 2848 1098 2910 h
1114 2847 1226 2911 mortis
1242 2846 1392 2928 periculis

397 2931 458 2995 Hic
473 2948 594 3013 pauper
610 2928 783 3011 egreditur,
1069 2929 1209 3007 Liberat,
1226 2937 1260 2994 et
1274 2931 1375 2995 oculis

396 3013 460 3079 Sed
476 3014 564 3080 dives
579 3015 760 3095 ingreditur
1070 3013 1181 3079 Caecis
1197 3014 1293 3081 datur
1306 3013 1399 3079 visio.

397 3099 516 3164 Verum
532 3098 638 3164 lumen
654 3098 817 3163 luminum.

342 3181 370 3243 3.
399 3183 587 3265 Paupertas,
613 3182 786 3261 humilitas,
1015 3185 1043 3246 6.
1071 3182 1114 3246 Os
1128 3187 1289 3246 mutorum
1305 3180 1452 3262 solvitur,

400 3267 507 3332 Pietas
522 3271 555 3331 et
569 3267 709 3333 charitas
1069 3263 1180 3331 Multis
1195 3268 1260 3331 vita
1275 3265 1422 3332 redditur

396 3351 434 3415 ln
450 3350 576 3416 Christo
592 3350 753 3415 refloruit:
1070 3348 1113 3412 Et
1127 3368 1239 3415 sensus
1254 3348 1433 3416 freneticis:

396 3435 434 3499 In
450 3442 556 3499 mente
572 3435 751 3514 sinceritas,
1070 3432 1200 3499 Cunctis
1216 3434 1282 3498 vita
1297 3433 1452 3514 panditur

397 3517 440 3584 Et
455 3519 618 3600 signorum
633 3519 758 3583 novitas
1070 3516 1191 3582 Salutis
1207 3522 1240 3582 et
1255 3518 1380 3582 tollitur

396 3602 433 3667 Iu
448 3619 580 3684 corpore
594 3602 709 3684 patuit.
1068 3600 1168 3666 Error
1183 3603 1224 3668 ab
1241 3602 1421 3667 haereticis.
1451 3603 1563 3667 hmen.

411 3707 503 3765 Text.
540 3711 619 3768 Misi.
637 3710 718 3766 fratr.
736 3709 826 3764 Paris.
846 3711 924 3764 1520.

894 3891 1079 3899 ...ψη-.-

583 4037 653 4097 575.
696 4030 749 4096 De
770 4030 948 4097 beatissimo
965 4041 1060 4114 patre
1081 4039 1187 4101 poseo
1208 4032 1393 4099 Francisco.

343 4175 369 4232 1.
397 4165 435 4232 In
450 4182 589 4248 superna
604 4164 733 4230 civitate
1068 4166 1115 4232 Tu
1131 4168 1163 4232 in
1180 4167 1274 4233 Petro
1288 4165 1441 4249 crucifigi,

396 4249 620 4315 DcFrancisci
636 4249 777 4314 novitate
1069 4251 1282 4317 Ethunctibi
1300 4251 1347 4315 vis
1364 4248 1479 4333 configi

396 4334 486 4399 Felix
502 4333 621 4415 gaudet
636 4333 740 4398 curia:
1071 4335 1221 4400 Passione
1237 4336 1332 4401 socia.

396 4417 490 4482 Hunc
504 4424 648 4483 recenter
664 4417 754 4482 nobis
769 4418 856 4483 misit

397 4501 457 4578 Qui
473 4503 868 4585 mansurumscpromisit
1014 4506 1043 4566 3.
1069 4501 1428 4567 Vulneratrixaliorum

397 4585 529 4667 Semper
544 4606 614 4652 cum
630 4586 773 4653 ecclesia.
1068 4585 1169 4651 Istum
1185 4586 1287 4651 solum
1307 4585 1498 4652 dilectorum

1070 4668 1234 4734 Crucifirit
1248 4668 1405 4736 charitas:

341 4758 369 4819 2.
395 4751 509 4817 Petrus
524 4754 639 4835 claves,
656 4754 762 4820 clavos
778 4756 840 4821 iste
1068 4752 1171 4829 Quam
1186 4755 1325 4818 incarne
1339 4753 1428 4820 nulla
1443 4754 1532 4821 daeo

395 4835 584 4918 laterisque
599 4839 646 4903 tui
662 4837 790 4905 Christe
1068 4837 1201 4901 Crucem
1216 4837 1555 4905 carnisinFrancisco

396 4919 557 4988 Monstrat
571 4921 754 5006 privilegia:
1068 4921 1416 4988 Mireturhumanitas.
