3975 5800
948 557 1178 621 ..204-

413 744 444 796 tu
462 738 483 793 1.
520 738 563 795 Tu
581 735 652 793 roris
672 742 700 792 et
719 735 798 795 floria
816 737 847 792 0.
866 736 895 791 11.
914 743 943 791 ct
961 737 1032 793 toria
1051 737 1167 804 A.-d,
1185 737 1210 791 2.
1231 734 1310 805 Quod
1329 742 1395 792 mut.
1413 736 1493 791 A.-
1508 738 1535 805 a,
1555 738 1584 791 3.
1604 732 1711 791 namu
1757 799 1758 803 η

414 811 467 868 Be.
487 840 521 850 -
539 811 566 877 6,
577 813 603 863 4.
623 809 760 864 reformas
778 809 809 862 F.
829 810 922 866 Mona.
941 807 1068 865 reiorttis
1085 809 1119 863 A.
1139 808 1475 864 dieoaderurelormana.
1486 811 1559 862 -'i.
1573 806 1651 876 sedili
1667 806 1711 863 aa

416 913 446 923 -
466 886 493 950 7,
512 886 538 936 2.
558 880 638 950 Quod
656 897 691 934 m.
710 881 801 935 Mona.
822 882 868 948 qni
886 897 921 934 rn.
940 881 1012 936 Dan.
1031 877 1179 948 (Druckf.)
1217 910 1248 920 -
1286 883 1312 948 7,
1332 883 1410 935 1-3,
1428 880 1460 933 a'n
1478 879 1517 934 E:
1541 879 1610 935 Tibi
1628 887 1711 935 7777777

413 954 507 1009 lavent
526 953 667 1021 obsequia,
695 951 756 1019 Qua
783 965 814 1006 ca
841 952 887 1007 dei
905 959 995 1006 mater
1013 959 1042 1005 et
1061 950 1126 1019 lilia,
1154 951 1208 1005 Per
1226 958 1253 1005 te
1271 952 1328 1006 reis
1346 950 1467 1005 donatur
1486 950 1577 1005 venia.
1598 978 1633 991 -
1651 952 1710 1017 7,3

414 1028 489 1095 regis
509 1025 571 1079 don.
591 1024 629 1077 ld.
648 1023 756 1078 veniam
774 1024 808 1077 Δ.
821 1054 854 1064 -
865 1027 891 1090 7,
909 1027 934 1077 4.
954 1023 1077 1077 stettin
1095 1022 1120 1077 G
1137 1038 1189 1076 vor
1207 1025 1232 1077 3.
1243 1024 1347 1091 -8,2.
1367 1021 1461 1077 Verba
1469 1021 1542 1077 Dan.
1562 1019 1710 1091 (Duelli

413 1127 446 1138 -
467 1100 493 1166 8,
513 1094 933 1234 3.Ε7ἑ71711ἠ7ὶ1.ΗΤ77771.Β.
955 1125 986 1134 -
1007 1098 1033 1164 9,
1055 1098 1077 1149 1.
1096 1093 1186 1150 salvet
1203 1093 1287 1148 FKN.
1309 1093 1406 1149 Waek
1434 1092 1526 1148 salvat
1543 1091 1582 1147 Η.
1611 1090 1712 1148 munds

414 1169 784 1233 d-aatet.

485 1269 508 1309 c.
527 1252 680 1307 chcrk.
718 1253 791 1318 „Am
809 1252 968 1323 huiafipstca
985 1251 1089 1306 domant
1106 1252 1156 1306 der
1174 1267 1197 1305 s.
1214 1268 1241 1321 p.
1261 1251 1413 1306 adonisclua
1434 1249 1504 1305 Vere
1523 1266 1593 1304 aar:
1611 1264 1644 1305 ao
1661 1250 1713 1305 dier

412 1328 452 1380 im
470 1326 627 1413 Edaparupa
646 1324 780 1378 manresa
798 1324 844 1377 dic
861 1324 1102 1448 ”b'l{⁶.s⁶l¹t²”‘
1122 1339 1180 1408 ‘aas
1204 1324 1303 1392 777177,
1328 1324 1432 1377 medera-
1448 1323 1517 1424 ι777777
1534 1321 1713 1393 cosmidin

413 1397 609 1454 trocdomcdea
627 1395 686 1451 aad
703 1396 785 1449 aeha-
794 1396 854 1449 aad
862 1397 927 1464 cissa
940 1397 1020 1466 dapes
1034 1394 1211 1463 ponderabant
1221 1393 1324 1450 Versum
1334 1394 1446 1448 lestolt.
1484 1394 1610 1449 Bartsch
1620 1392 1649 1448 S.
1659 1395 1714 1448 1⁹⁵.

842 1645 913 1706 2o5.
957 1640 1010 1705 Dc
1030 1647 1141 1706 sancta
1162 1641 1287 1707 Murio.

438 1785 464 1842 1.
487 1777 513 1841 0
540 1775 630 1874 virga
656 1793 694 1841 ac
714 1774 862 1839 diadema
883 1793 1044 1858 purpurae
1066 1776 1162 1857 regis,
1183 1793 1264 1857 quae
1284 1792 1319 1839 es
1339 1774 1372 1838 777
1394 1773 1542 1840 clausura
1564 1780 1626 1840 tua
1639 1774 1714 1840 siout

435 1953 463 2015 2.
487 1946 535 2011 Tu
556 1863 709 2010 llgrlrfflae'ua
730 1941 867 2008 floruisti
887 1942 1009 2008 inulta
1030 1943 1259 2024 vicissitudine,
1282 1960 1377 2024 quum
1392 1942 1494 2007 Adam
1510 1958 1606 2007 omne
1619 1958 1712 2024 genua

563 2029 732 2093 humanam
751 2028 950 2108 produceret
1272 2100 1278 2112 .

435 2121 463 2180 3.
487 2114 563 2194 Ave,
590 2131 658 2190 avc,
685 2113 724 2175 de
749 2121 806 2176 tuo
830 2119 941 2176 ventre
967 2111 1032 2175 alia
1056 2113 1124 2176 vita
1150 2113 1314 2194 processit,
1340 2128 1404 2191 qua
1420 2109 1522 2174 Adam
1541 2108 1628 2175 lilius
1645 2126 1712 2174 snos

435 2289 463 2347 t.
487 2282 514 2346 0
535 2197 939 2360 737ῗυ7171ῗ77ῗέξ7ω77777
958 2256 1002 2344 'de
1024 2296 1096 2344 rore
1116 2296 1175 2345 nec
1195 2279 1236 2345 de
1250 2279 1351 2361 guttis
1364 2278 1501 2360 pluviae,
1521 2294 1581 2343 nec
1594 2281 1653 2342 adr
1665 2275 1712 2342 dc·

564 2372 710 2444 superte
726 2363 853 2445 volavit,
876 2363 933 2429 sed
954 2363 1063 2429 divina
1084 2365 1213 2430 claritas
1233 2366 1266 2429 in
1281 2363 1476 2428 nobilissima
1490 2362 1582 2444 uirga
1597 2368 1632 2428 te
1645 2379 1712 2443 pro

564 2449 666 2523 duxit,

434 2541 463 2600 5.
487 2534 514 2599 0
535 2534 634 2681 virgda,
657 2530 861 2597 floriditatem
883 2536 973 2597 tuam
994 2532 1083 2597 Deus
1103 2532 1136 2597 in
1158 2530 1261 2615 prima
1280 2531 1332 2595 dic
1349 2535 1518 2596 creaturae
1532 2547 1613 2596 snae
1628 2546 1713 2613 prae

562 2617 592 2680 vi
617 2622 688 2681 erat

435 2709 464 2766 6.
490 2703 531 2767 m
546 2703 585 2766 de
601 2665 699 2765 verbd
714 2717 772 2764 suo
787 2718 918 2765 auream
933 2699 1111 2780 materiam,
1126 2718 1145 2764 o
1161 2699 1333 2766 laudabilis
1348 2698 1448 2781 virgo,
1463 2697 1549 2764 fecit.
1757 2636 1758 2727 1

435 2795 464 2853 7.
487 2788 514 2852 0
529 2802 624 2868 quam
639 2802 788 2865 magnum
810 2788 861 2850 est
881 2785 914 2849 in
936 2784 1057 2849 viribus
1073 2785 1140 2850 suis
1155 2787 1240 2850 latus
1255 2784 1325 2864 7777,
1348 2783 1388 2849 de
1402 2800 1466 2864 qno
1482 2784 1570 2848 Deus
1584 2779 1715 2848 formum

563 2869 705 2934 mulieris
719 2869 880 2950 produxit
907 2887 1001 2951 qnam
1023 2867 1100 2935 iecit
1120 2868 1285 2952 speculum
1307 2867 1408 2934 omnis
1428 2867 1609 2935 ornamenti
1624 2869 1674 2934 sni
1687 2873 1717 2934 et

563 2954 794 3036 amplexionem
809 2954 911 3019 omnis
926 2961 1092 3020 creaturae
1107 2972 1192 3019 suae

433 3049 463 3108 8.
487 3039 566 3104 lude
581 3040 752 3103 concinunt
766 3037 917 3104 coelestia
932 3056 1053 3119 organa
1066 3043 1101 3104 et
1114 3040 1250 3103 miratur
1265 3037 1367 3102 omnis
1381 3041 1478 3118 terra,
1504 3055 1523 3101 o
1545 3034 1718 3103 laudabilis

563 3123 676 3202 Maria,
702 3122 778 3203 quia
799 3122 887 3188 Deus
908 3127 941 3188 te
961 3122 1055 3187 valde
1076 3124 1211 3201 amavit;
1236 3139 1332 3203 qnam
1346 3122 1439 3187 valde
1455 3121 1719 3204 plangendnmet

561 3207 733 3288 lugendum
753 3212 813 3285 est,
836 3207 922 3290 quod
945 3206 1078 3272 tristitia
1096 3207 1129 3271 in
1148 3207 1280 3271 crimine
1298 3224 1358 3289 per
1378 3206 1544 3272 consilium
1559 3207 1719 3290 serpentis

564 3294 597 3357 in
613 3292 776 3372 mulierem
790 3289 891 3357 fluxit.

434 3381 463 3443 9.
487 3376 568 3440 Nam
590 3376 662 3457 ipsa
683 3377 807 3449 mulier,
832 3393 928 3456 quam
949 3375 1038 3440 Deus
1058 3380 1192 3440 matrem
1213 3375 1351 3440 omnium
1372 3374 1489 3456 posuit,
1515 3373 1642 3441 macera
1662 3392 1719 3441 suu

564 3478 635 3525 cum
651 3459 835 3607 vulneribus
851 3460 1052 3540 ignorantiae
1070 3459 1229 3542 decerpsit
1249 3465 1284 3526 et
1304 3461 1432 3542 plenum
1452 3458 1596 3524 dolorem
1611 3459 1719 3541 generi

563 3563 621 3608 suo
636 3547 730 3625 protu
746 3544 778 3607 ‘t.

415 3635 463 3693 10.
486 3628 558 3707 Sed,
575 3647 593 3693 o
608 3646 734 3707 aurora,
758 3627 797 3691 de
820 3631 930 3692 ventre
951 3630 1008 3692 tuo
1031 3645 1130 3694 nouus
1145 3628 1194 3693 sol
1209 3629 1375 3711 processit,
1395 3628 1451 3710 qni
1465 3628 1573 3695 omnia
1585 3628 1719 3694 erimina

564 3713 651 3777 Evae
666 3713 820 3777 abstersit
838 3719 872 3776 et
890 3713 1043 3776 maiorem
1065 3712 1316 3779 benedictionem
1338 3732 1396 3796 per
1410 3720 1442 3779 te
1456 3714 1601 3796 protulit,
1623 3729 1718 3794 quam

563 3797 633 3862 Eva
647 3795 827 3863 hominibus
845 3796 1018 3860 nocuisset.

416 3887 464 3946 11.
490 3880 591 3957 Unde,
611 3899 630 3943 o
644 3880 808 3960 salvatrix,
827 3898 911 3961 qnae
926 3898 1042 3946 nouum
1058 3880 1165 3946 lumen
1180 3880 1318 3947 humano
1332 3882 1442 3962 generi
1457 3883 1632 3966 protulisti,
1654 3884 1718 3950 col·

564 3967 627 4045 lige
641 3964 784 4028 membra
797 3965 853 4028 lilii
867 3965 915 4030 tui
929 3965 971 4029 ud
986 3966 1156 4031 coelestem
1170 3965 1378 4032 harmoniam.

485 4086 510 4127 a.
530 4072 625 4126 Text.
661 4072 814 4127 MoneNo.
833 4074 943 4142 78017,
962 4073 1036 4141 393.)
1055 4088 1122 4128 aaa:
1141 4073 1194 4130 Ha.
1213 4090 1251 4129 ια
1273 4072 1440 4130 Wicadoden
1458 4091 1480 4130 a.
1500 4077 1570 4131 odera
1588 4074 1644 4131 Nr.
1657 4080 1718 4132 127.

414 4175 448 4185 -
465 4145 566 4199 Daniel
585 4144 618 4212 V,
638 4146 698 4199 330.
717 4144 767 4198 hot
786 4145 838 4197 dea
856 4143 927 4198 Tcaet
946 4160 1000 4199 aas
1018 4145 1111 4199 Mona.

484 4234 510 4288 b.
529 4232 714 4289 Leaortea.
752 4234 900 4287 humanam
919 4232 972 4288 Hs.
992 4234 1142 4289 humanum
1160 4234 1267 4289 aclucist
1286 4236 1386 4290 deseca
1408 4235 1447 4290 il.
1484 4237 1601 4308 „Malim
1624 4239 1719 4309 legere

413 4305 647 4376 produxerat.
685 4305 717 4359 ln
735 4304 824 4359 Adam
844 4319 924 4360 omne
942 4320 1030 4373 genus
1049 4306 1198 4362 humanum
1217 4306 1293 4361 dedit
1315 4310 1461 4378 poenam.“
1496 4311 1568 4366 Dan.

973 4453 1051 4461 -α-..η
1061 4455 1145 4461 .-—-.-.
1155 4456 1167 4461 .-

853 4555 924 4615 266.
966 4549 1020 4615 De
1040 4550 1131 4617 beato
1153 4551 1275 4618 Maria.

418 4692 444 4751 1.
471 4686 567 4751 Salve
581 4692 676 4768 porta
690 4687 908 4769 chrystallina,
1145 4688 1572 4775 Salverosaoarensspina,

471 4770 543 4834 Vivi
558 4772 649 4851 panis
665 4769 799 4852 officina,
1145 4773 1246 4855 Virga
1260 4773 1376 4841 dorens
1391 4777 1421 4842 vi
1436 4777 1553 4858 (1777777,

471 4851 568 4918 Dirae
583 4855 694 4920 mortis
710 4854 875 4937 medicina,
1144 4858 1193 4923 De
1207 4876 1272 4940 qua
1285 4877 1350 4924 nux
1364 4861 1570 4945 amygdalina
1689 4889 1692 4894 ·

472 4936 673 5007 Flosmundi
687 4939 809 5006 Maria:
1145 4940 1353 5012 Cresitvitae
1366 4945 1429 5017 via.
