3975 5800
816 644 1072 708 ·—205-

1002 834 1030 894 7.
1050 829 1141 895 Sicut
1156 828 1271 894 vitrum
1287 821 1377 890 radio

1051 915 1135 980 Solis
1148 915 1344 996 penetratur,

1051 999 1129 1064 lude
1143 1006 1250 1063 tamen
1267 995 1365 1060 laesio

1051 1083 1147 1148 Nulla
1162 1083 1244 1147 vitro
1259 1081 1371 1144 datur:

1000 1171 1030 1230 8.
1050 1169 1111 1244 Sic,
1127 1169 1223 1231 immo
1238 1163 1397 1236 subtilius,

1049 1252 1152 1317 Matre
1167 1269 1229 1315 non
1248 1251 1410 1329 corrupta.

1052 1336 1138 1401 Deus
1154 1335 1212 1400 Ilei
1228 1333 1311 1400 tilius

1050 1420 1115 1486 Sub
1132 1421 1238 1502 prodit
1254 1415 1364 1499 impla.

1002 1505 1030 1566 9.
1051 1505 1162 1570 Prodit
1178 1502 1328 1584 cogitatio

1050 1589 1167 1655 Clausit
1180 1588 1286 1654 cordis
1302 1582 1390 1660 verta,
1437 1667 1443 1679 Ι

1050 1675 1234 1755 Praegnans
1249 1671 1369 1752 absquo
1388 1667 1465 1731 vitro

1052 1759 1139 1824 Parit
1153 1759 1221 1823 sine
1236 1775 1347 1838 poena.

983 1842 1030 1905 10.
1050 1844 1118 1908 Nou
1135 1843 1218 1925 perit
1231 1841 1284 1905 lux
1299 1839 1409 1916 ocella,

1051 1928 1129 1992 Cum
1146 1928 1199 1990 lux
1216 1929 1380 2004 evagatur,

1051 2012 1115 2076 Nee
1130 2013 1160 2075 in
1177 2017 1249 2075 ortu
1265 2006 1403 2073 flosculis

1051 2097 1153 2162 blaten·
1172 2094 1356 2159 defloratur.

982 2178 1030 2240 ll.
1053 2180 1201 2245 Caudeus
1216 2179 1398 2259 plusquam
1415 2173 1526 2246 lilium,

1051 2267 1194 2330 Vernaus
1209 2262 1281 2344 plus
1296 2279 1389 2343 quam
1407 2274 1488 2334 rosa,

1048 2348 1150 2414 Tuum
1167 2366 1246 2428 roga
1259 2346 1368 2423 tilium,

1048 2433 1146 2514 Virgo
1162 2432 1314 2513 speciosa,
1363 2465 1365 2470 ·

981 2513 1028 2581 12.
1049 2520 1096 2584 Ne
1112 2520 1332 2600 postmortem
1352 2510 1465 2594 puniat
1487 2562 1491 2573 .

1048 2603 1112 2667 Nos
1127 2600 1240 2666 inferni
1256 2617 1366 2681 poem,

1049 2686 1111 2750 Sed
1127 2690 1230 2751 tecum
1246 2683 1368 2748 reliciat

313 840 327 892 t
357 822 557 911 Salvevirgo
573 830 724 909 virtuosa,

358 913 421 981 Dei
437 922 540 981 mator
554 916 704 997 gloriosa,

358 997 461 1064 Plena
474 1006 586 1065 sancto
600 1001 744 1067 flamine:

357 1081 406 1149 Te
419 1083 597 1164 laudamus,
612 1092 649 1152 ut
663 1086 818 1167 condigne

359 1167 428 1233 Nos
441 1170 597 1235 accendat
611 1171 697 1236 Deus
711 1171 784 1251 igne

358 1251 513 1320 Caritatis
528 1253 680 1335 geminae.

313 1388 330 1447 l.
360 1378 445 1445 Mira
459 1380 506 1445 rei
521 1381 655 1458 novitas,

359 1462 460 1546 Virgo
474 1464 723 1546 impraegnatur,

360 1547 447 1614 Mira
461 1547 518 1614 Dei
533 1548 660 1626 caritas,

360 1632 448 1700 Deus
463 1633 657 1699 incarnatur.

313 1766 330 1826 t.
359 1759 389 1825 0
403 1777 517 1826 novum
533 1760 734 1837 connubium,

356 1842 426 1908 Soli
441 1844 533 1911 nubit
546 1844 649 1920 stella,

357 1927 483 1993 Novum
497 1929 709 2011 puerperium,

357 2010 503 2077 Parturit
516 2013 632 2094 puella.

313 2142 330 2201 l.
356 2136 485 2220 Moyses
499 2156 564 2287 ‹kua
578 2140 676 2205 iacuit

359 2220 490 2305 Scirpea
528 2223 633 2301 suella,

356 2304 459 2381 Haec,
472 2326 535 2389 qua
551 2308 636 2373 llous
651 2308 755 2386 latuit,

359 2388 461 2473 Virgo
474 2396 526 2457 est
539 2393 665 2457 tessella

313 2519 332 2579 l.
358 2515 453 2582 Auris
468 2525 502 2582 et
515 2535 605 2583 meus
620 2519 730 2599 pervia

358 2599 429 2665 Deo
442 2607 518 2667 sunt
531 2603 702 2682 ingressus,

359 2682 431 2750 Non
445 2691 560 2767 patent
573 2688 719 2768 vestigia,

358 2765 482 2843 Quibus
494 2774 719 2851 estegressus.
1049 2771 1242 2852 Angelorum
1258 2787 1364 2833 coelia.

375 2892 400 2932 ι
419 2874 514 2935 Text.
550 2879 634 2935 Mona
653 2879 705 2935 No.
725 2883 778 2936 370
796 2881 832 2944 (2,
851 2879 905 2946 63.)
924 2897 990 2934 oua:
1030 2878 1081 2934 Hs.
1100 2896 1137 2933 su
1155 2877 1304 2941 Minaeum,
1329 2891 1383 2929 oon
1401 2869 1604 2937 Kaiserabes'm,

313 2946 357 3004 lo.
376 2951 419 3004 st.
437 2952 480 3004 13.
501 2950 601 3006 lauru.
622 2983 654 2992 -
674 2952 772 3007 Daniel
792 2951 826 3017 V,
845 2955 905 3005 251.
925 2952 975 3006 bot
995 2952 1048 3004 dea
1068 2950 1137 3004 Text
1156 2968 1208 3004 aas
1228 2951 1319 3004 llloue.

374 3037 401 3092 b.
419 3037 570 3094 Βιθυνὶς.
606 3045 631 3094 2.
650 3042 754 3095 caritas
773 3057 842 3110 gem.
864 3039 1130 3104 „dieLiebeGottes
1151 3039 1209 3092 arrd
1226 3035 1438 3099 desNdcbsteu,
1457 3030 1605 3084 {tantadem

313 3105 455 3164 ueremi
495 3111 519 3164 is
537 3113 662 3178 geminus
679 3114 829 3181 penaaaettf‘
866 3112 1016 3166 Mons-
1048 3114 1074 3165 c.
1093 3125 1183 3179 poena
1202 3108 1306 3175 „beisot
1324 3108 1385 3160 bic-r
1403 3104 1480 3158 nicbt
1497 3101 1604 3169 Strose,

313 3180 429 3235 madero
472 3181 1313 3253 ein,Selmers,dmnesneatetcsicoaofaen.3,13.“
1349 3178 1441 3231 bione.

858 3389 1050 3399 -——-—-—

734 3543 804 3603 267.
847 3537 900 3604 De
920 3544 1029 3605 sosacio
1050 3537 1174 3603 Murio.

978 3683 1007 3743 3.
1034 3674 1132 3738 Plena
1146 3672 1239 3738 bonis
1254 3671 1343 3749 virgo
1358 3672 1461 3749 grata,

1033 3758 1131 3822 Dives
1146 3755 1237 3821 donis
1251 3773 1288 3819 ac
1302 3756 1430 3829 donata,

1033 3842 1124 3907 Votis
1138 3840 1197 3904 Ilei
1213 3840 1409 3919 desponsata

1035 3925 1094 3991 Per
1108 3925 1289 3990 Gabrielem
1305 3921 1464 3987 auritium:

1034 4009 1144 4075 Fidem
1160 4008 1250 4076 dedit
1264 4014 1297 4071 et
1311 4004 1429 4079 obedit,

1034 4094 1140 4160 Verbo
1155 4092 1266 4170 credit,
1282 4091 1411 4156 verbum
1427 4088 1502 4165 edit,

1034 4178 1173 4243 Mentem
1189 4184 1332 4242 verstrem
1348 4173 1444 4240 verbo
1460 4169 1545 4235 cedit

1031 4263 1131 4328 Grato
1146 4266 1273 4344 gratum
1288 4257 1470 4341 hospitium.

313 3675 333 3736 l.
360 3667 459 3736 Matri
473 3671 699 3738 consolationis

359 3750 433 3819 Filii
447 3754 634 3821 salvationis

359 3835 480 3902 Fidelis
494 3839 675 3921 adoptionis

360 3919 477 3988 Grates
493 3922 628 3990 reddent
642 3942 712 3989 cum
727 3925 892 4006 precibus:

358 4005 484 4087 Lingua
499 4009 597 4074 menti
613 4027 728 4088 gerens
742 4027 860 4074 morem

358 4087 472 4155 Cordis
487 4093 646 4173 exprimat
662 4091 828 4173 terrorem,

359 4170 465 4240 Unum
481 4182 630 4242 resonent
645 4186 787 4243 tenorem

357 4255 443 4324 Vota
456 4276 526 4323 cum
542 4261 628 4327 vocis
644 4260 800 4327 laudibus.

313 4431 330 4492 t.
356 4423 407 4489 Ab
421 4430 552 4491 aeterno
571 4427 728 4506 ordinata,

975 4437 1005 4496 4.
1031 4432 1170 4497 blundus
1185 4435 1303 4513 stupet,
1319 4430 1395 4494 baec
1411 4423 1525 4508 puella,

357 4507 395 4574 ln
409 4509 520 4591 liguris
533 4512 748 4593 praesignata,

1030 4515 1108 4581 Tam
1125 4515 1239 4597 pusilla
1253 4515 1339 4597 quod
1353 4510 1489 4588 novella,

355 4593 394 4658 In
408 4594 576 4677 scripturis
595 4598 786 4678 prophetata

355 4675 528 4744 Praeludio
543 4680 603 4746 sub
618 4680 769 4763 mystico:

355 4759 463 4844 Digna
477 4762 536 4828 Dei
551 4771 653 4830 mater
668 4785 748 4846 esse,

354 4843 457 4926 Virga
470 4845 511 4914 de
524 4849 631 4913 radios
646 4849 745 4925 Iesse,

353 4927 431 4996 Flos
443 4929 525 4998 aceli
539 4931 580 4998 de
594 4940 700 4998 terrae
714 4954 818 5001 messe

314 5081 337 5120 Γ
354 5011 442 5082 llnrs
452 5017 612 5102 prmssslt
624 5016 752 5085 coelico

1030 4599 1136 4665 Mellis
1149 4599 1247 4676 stilla,
1262 4598 1360 4663 iliaris
1375 4594 1480 4673 stella,

1031 4684 1073 4748 So
1087 4685 1300 4750 continentem
1316 4681 1473 4746 continet:

1030 4767 1152 4833 Curicta
1166 4786 1236 4833 cum
1250 4773 1343 4849 patre
1358 4769 1554 4844 causantem,

1028 4852 1143 4918 Matris
1157 4852 1190 4917 iu
1205 4854 1277 4918 sinu
1293 4856 1479 4933 pausantem

1031 4935 1122 5001 Hunc
1136 4935 1299 5014 infantem,
1313 4934 1370 5001 sed
1385 4933 1558 5018 gigantem,

1028 5019 1090 5097 Qui
1105 5039 1202 5089 mauu
1216 5021 1322 5088 coelos
1336 5019 1484 5087 sustinet.
