3975 5800
952 540 1182 603 ..448-

442 726 470 786 5.
493 722 628 791 Sanetus
650 724 786 808 denique
800 724 934 791 Mauros
953 724 1029 789 dum
1050 725 1177 806 longius
1203 743 1273 790 cum
1296 722 1450 790 fratribus
1465 723 1507 789 od
1521 738 1623 805 opera
1637 725 1721 787 esset

567 828 725 885 reversus,
741 811 862 876 invonit
876 810 1033 891 quendam
1049 828 1182 891 puerum
1198 807 1346 875 claudum
1362 811 1395 873 et
1408 810 1542 889 mutum,
1557 807 1592 873 in
1606 805 1720 871 itinere

568 894 733 958 iacentem.
764 895 842 959 Euo.

441 979 469 1039 6.
496 977 536 1041 dt
551 977 614 1056 ille,
631 979 792 1058 piissimus
808 984 937 1058 uteret,
953 977 1092 1043 lacrimis
1107 977 1266 1059 profusae,
1288 977 1321 1042 in
1337 977 1511 1043 orationem
1527 978 1719 1059 prostratae,

569 1062 652 1127 hunc
667 1081 777 1127 santum
795 1068 827 1128 et
841 1064 1030 1128 incolumem
1047 1063 1195 1128 continuo
1211 1059 1358 1129 reddidit.
1387 1060 1467 1126 Euo.

443 1150 470 1208 7.
494 1144 595 1210 Unius
612 1154 718 1211 tantas
734 1148 865 1212 Maurus
881 1149 1052 1212 miseratus
1074 1164 1252 1223 aerumnas,
1276 1145 1418 1211 restituit
1439 1144 1555 1211 claudo
1577 1159 1719 1224 gressum

569 1238 720 1311 mutoque
735 1231 902 1312 loquelam.
932 1232 1012 1297 Euo.

441 1317 469 1376 8.
494 1313 581 1378 11111
596 1322 702 1379 arulam
715 1315 789 1379 dum
802 1321 931 1381 sanctus
944 1320 1036 1397 pater
1043 1313 1234 1379 Benedictus
1251 1313 1385 1389 audiret,
1400 1313 1433 1377 in
1444 1331 1561 1393 magna
1573 1311 1717 1392 deinceps

569 1400 633 1462 iam
648 1401 851 1464 veneratione
874 1400 979 1481 eoepit
1001 1401 1142 1464 sanctum
1158 1398 1306 1463 Maurum
1330 1396 1459 1476 habere,
1483 1412 1577 1478 quem
1592 1394 1662 1460 Deo
1675 1394 1717 1460 ito

571 1484 744 1563 proximum
761 1501 832 1549 esse
847 1484 984 1549 videbat.
1015 1482 1096 1546 Euo.

443 1570 470 1628 o.
494 1566 584 1631 Beati
603 1567 705 1631 Mami
722 1568 850 1648 cognita
864 1568 1056 1650 praesentia,
1073 1582 1186 1631 caecus
1202 1571 1364 1647 precatur,
1386 1569 1424 1629 ut
1445 1566 1555 1631 lumen
1569 1564 1715 1646 recipiar

571 1652 660 1715 euius
682 1652 730 1715 uir
752 1659 882 1717 sanetus
901 1669 994 1733 prece
1018 1656 1123 1716 motus
1144 1649 1241 1715 nimia
1263 1648 1384 1715 orando
1399 1648 1460 1715 sibi
1476 1648 1563 1729 quod
1577 1646 1716 1732 deposcit

570 1735 611 1798 im
625 1741 727 1800 latrat.
759 1738 837 1801 Euo.

424 1821 471 1881 10.
494 1816 551 1882 Vir·
566 1755 691 1883 Domini
708 1821 820 1885 beatus
835 1819 978 1895 Maurus,
1001 1817 1234 1883 detrahentium
1250 1817 1313 1882 sibi
1327 1817 1412 1881 iusta
1426 1816 1539 1882 dolens
1555 1815 1714 1899 supplicia

570 1903 708 1967 lacrimis
724 1911 757 1968 et
771 1904 928 1986 precibus
943 1907 980 1967 ut
994 1903 1041 1968 eis
1057 1902 1210 1967 Dominus
1225 1902 1441 1977 misereretur,
1459 1901 1609 1966 obtinuit
1642 1898 1714 1963 Euo.

424 1990 471 2048 ll.
495 1986 544 2050 lta
560 2005 615 2066 per
631 1987 735 2052 Mauri
751 1989 899 2052 meritum
915 1988 978 2052 uini
994 1985 1154 2051 redundat
1169 1984 1342 2063 vasculum,
1358 1993 1394 2050 ut
1404 1986 1458 2049 uui
1474 1985 1562 2066 quod
1577 1986 1631 2048 vix
1645 1983 1714 2048 satis

570 2076 629 2135 est.
646 2076 694 2135 tot
708 2072 853 2137 sitientes
869 2072 974 2136 satiet.
1004 2070 1084 2134 Euo.

424 2157 471 2215 12.
496 2152 602 2218 Sancti
619 2155 721 2219 llauri
744 2156 920 2235 compassio
942 2155 1009 2220 solo
1030 2154 1132 2219 erucis
1148 2153 1310 2234 signaculo
1333 2151 1463 2219 alcedo
1484 2151 1592 2219 cancri
1615 2150 1713 2216 ulcere

568 2238 647 2301 mire
663 2239 798 2306 salvavit
813 2240 980 2304 hominem.
1010 2239 1090 2302 Euo.

491 2345 587 2399 Teat.
624 2348 724 2402 Daniel
757 2349 790 2405 V,
819 2352 872 2402 228
899 2362 914 2399 a
942 2349 987 2402 Du
1015 2346 1107 2400 Meril:
1146 2347 1259 2402 Paesies
1287 2346 1449 2415 Populairea
1482 2344 1658 2400 auterieures
1683 2359 1715 2397 au

421 2415 474 2469 XII
494 2417 584 2471 siecle.
603 2419 624 2471 l.
644 2437 669 2487 p.
693 2423 750 2474 173.
770 2420 839 2474 Bibl.
859 2420 928 2488 Ray.
947 2433 997 2473 urs.
1018 2420 1095 2473 3778.
1115 2417 1342 2485 „probablement
1360 2417 1396 2471 du
1414 2418 1439 2470 X
1461 2416 1616 2471 11111111-
1635 2414 1714 2485 „Ver

421 2488 500 2541 siculi
520 2505 607 2556 paene
626 2490 661 2543 ari
680 2491 792 2545 verbum
811 2491 947 2559 desumpti
965 2505 999 2543 ex
1019 2491 1075 2543 uita
1094 2490 1120 2543 S.
1140 2489 1243 2554 Mauri,
1266 2489 1424 2556 conscripta
1447 2489 1483 2544 ab
1502 2488 1620 2557 Fausto,
1645 2486 1715 2545 socio

421 2560 568 2613 1111111.
589 2563 679 2615 Sanet.
699 2562 763 2617 Ord.
784 2564 809 2618 S.
830 2561 980 2617 Benedicti.
1001 2562 1022 2615 1.
1041 2578 1067 2629 p.
1087 2561 1256 2614 261-2el.“
1293 2560 1402 2614 Daniel.

970 2704 1019 2710 ι-
1031 2702 1169 2710 --α-.-

664 2793 734 2853 662.
779 2790 828 2855 De
845 2788 997 2855 Narcisso
1012 2790 1103 2872 episc.
1131 2789 1184 2870 (de
1197 2808 1238 2853 ss.
1254 2787 1479 2870 Aapastaoia).

497 2903 584 2970 (liuor
605 2906 635 2958 ia
654 2907 702 2959 der·
721 2906 832 2961 dioklet.
853 2906 1357 2978 0111111111111191191118111111
1376 2905 1449 2958 nacla
1468 2904 1642 2976 amatura.)

423 3024 449 3088 0
465 3023 613 3090 Narcisso
628 3027 811 3107 promisisse
1095 3026 1140 3092 Ut
1155 3045 1267 3093 servus
1281 3046 1340 3108 pro
1354 3025 1532 3091 architecto
1549 3025 1687 3091 laborem

423 3105 492 3173 Tibi
508 3109 610 3173 Deum
627 3109 702 3174 dum
717 3111 843 3176 tinxisse
1096 3112 1122 3175 E
1142 3112 1277 3193 vestigio
1295 3116 1429 3193 paratus
1446 3109 1616 3176 dolabrum
1634 3114 1715 3174 tene·

423 3191 538 3257 Fertur
554 3199 629 3258 tuac
645 3196 756 3260 rudem
772 3196 981 3277 Virrdeliaam,
1136 3196 1201 3273 bat,

424 3273 488 3341 Sed
505 3296 586 3342 rruue
603 3279 711 3342 urbem
727 3281 938 3361 Augustinam
1096 3282 1195 3345 latus
1211 3282 1274 3344 iam
1290 3278 1468 3343 succinctus
1480 3295 1679 3359 gnomonem,

423 3360 502 3425 Fore
518 3363 628 3427 sobole
643 3362 792 3428 divinam.
1096 3364 1234 3430 Felicem
1249 3366 1330 3429 artis
1344 3362 1504 3428 accessisti

423 3445 558 3510 ileroem
575 3465 699 3528 seurpor
717 3467 904 3529 puerperam
1097 3450 1326 3530 Consciumque
1344 3446 1480 3511 docuisti

423 3528 520 3594 Pacta
536 3531 592 3595 tali
608 3533 766 3612 superbus
781 3533 953 3612 redemisti,
1096 3534 1215 3598 Locrum
1230 3549 1324 3614 quem
1340 3529 1600 3597 destinabasetc

494 3640 588 3693 Teat.
625 3640 690 3694 Cod.
710 3643 735 3695 S.
755 3642 825 3695 Gall.
845 3643 897 3697 No.
917 3645 970 3697 516
990 3642 1145 3710 (Brauder).
1172 3672 1205 3680 -
1233 3640 1332 3695 Daniel
1351 3639 1384 3707 V,
1406 3642 1456 3693 169
1483 3639 1533 3692 leat
1562 3655 1617 3692 aar
1635 3637 1679 3690 die
1696 3638 1718 3687 1.

423 3709 508 3772 Zer'le,
528 3713 587 3763 eiuro
605 3711 754 3779 ,41111111ιῇ
772 3715 820 3767 der
839 3715 946 3768 erudera
970 3713 1052 3767 Verre
1071 3713 1209 3767 corclani-r
1227 3713 1272 3766 icio
1290 3710 1328 3764 H.
1348 3710 1446 3765 Murci.
1483 3709 1550 3764 Dae
1570 3708 1667 3763 Gaura
1684 3706 1720 3760 ist

423 3782 452 3833 ia
473 3781 677 3836 bardarisclrcm
697 3784 800 3838 Loteio
823 3786 972 3855 ‹abpcfasst

758 3992 828 4052 663.
871 3987 922 4053 De
944 4007 969 4052 e.
995 3986 1127 4052 Nicolao
1148 3987 1293 4067 episcopo
1315 3982 1395 4048 Μὶν.

424 4101 502 4167 (Geir.
530 4105 585 4154 aad
610 4119 647 4156 aa
675 4104 786 4157 Patara
813 4106 843 4157 ia
868 4104 895 4156 L
915 4106 984 4170 1111,
1012 4103 1137 4171 Bisclrof
1152 4119 1207 4157 aron
1225 4100 1321 4172 Myro,
1346 4100 1455 4154 11111111
1473 4098 1523 4153 der
1541 4095 1722 4151 Kirclrenoer·

493 4174 649 4244 earnrolonp
667 4191 704 4229 ert
721 4174 817 4230 Nicdo
834 4176 873 4230 im
890 4124 918 4230 J
937 4179 990 4230 325
1009 4176 1062 4241 bei,
1081 4175 1160 4230 storo
1179 4178 1204 4228 6.
1224 4172 1294 4227 Dea.
1313 4175 1375 4241 352,
1397 4171 1507 4225 verare
1525 4172 1551 4223 6.
1569 4167 1654 4236 Das.)

850 4288 1298 4359 (AuctorestNotlrerBalbulus.)

425 4416 452 4474 1.
475 4409 593 4492 Perpcs
608 4410 678 4507 laus
693 4410 841 4507 ethouor
857 4411 925 4509 tibi,
941 4427 1063 4476 summe
1078 4412 1196 4492 pastor,
1218 4407 1271 4489 qui
1287 4407 1334 4473 tui
1351 4423 1447 4471 curae
1462 4405 1571 4487 gregis
1587 4403 1726 4468 clemens

573 4513 611 4559 ac
625 4514 696 4577 prus
710 4513 756 4559 src
770 4513 937 4576 prosprers,

424 4582 453 4642 2.
477 4577 523 4643 Ut
543 4580 656 4728 1111νί111Θ
671 4579 892 4729 ξιιὲξὴὶξωίὴυε
913 4578 1027 4645 credas
1049 4577 1248 4661 pastoribuS,
1280 4576 1335 4657 qui
1357 4579 1461 4639 totum
1487 4573 1556 4639 suis
1580 4571 1727 4637 muniunt

425 4751 453 4808 3.
477 4747 564 4811 Inter
585 4765 719 4827 quorum
739 4748 926 4831 praecipuos
947 4747 1063 4812 emicat
1076 4745 1225 4812 Nicolaus
1245 4744 1373 4828 praesul
1394 4741 1550 4824 inclytus,
1571 4757 1668 4824 quem
1681 4737 1727 4806 ab

574 4831 650 4913 ipsis
665 4831 830 4896 dicaveras
845 4833 969 4897 cunulis
984 4831 1044 4897 tibi
1059 4848 1152 4895 sacra
1166 4847 1239 4894 nrox
1254 4827 1407 4894 asmonia

425 4918 455 4982 4.
478 4913 540 4980 Hic
555 4914 645 4981 nefas
660 4917 771 4997 votuit,
786 4935 865 4981 auro
879 4916 1004 4999 puellas
1019 4915 1160 4981 emmens
1176 4918 1299 4995 stupro.
