3975 5800
822 682 1053 743 -133-

287 868 320 929 8.
347 858 446 939 cave,
459 860 550 941 Iuda,
565 877 606 925 ne
621 860 793 943 damneris,
968 874 997 929 9.
1024 861 1102 939 Tua,
1120 860 1257 941 Christe,
1272 866 1346 926 sunt
1361 860 1439 925 haec
1454 862 1545 941 mira,

343 942 452 1025 Petro,
467 962 566 1022 sume,
580 948 618 1008 nt
632 944 774 1027 salveris,
1024 947 1122 1011 Serva
1137 950 1299 1011 sumentes
1314 946 1355 1010 ab
1370 947 1420 1010 ira

345 1024 446 1095 cibas
461 1032 511 1094 est
523 1026 680 1095 fidelium:
1023 1029 1154 1094 ludicii:

345 1112 399 1177 Ad
413 1112 504 1178 cuins
517 1130 658 1179 mensam
673 1116 817 1178 armatur
1024 1114 1111 1179 Orno
1126 1133 1183 1179 nos
1198 1119 1287 1181 veste
1302 1115 1436 1195 gratiae,

344 1196 466 1277 Iustus,
481 1215 557 1262 reus
571 1200 605 1262 et
618 1197 768 1279 nudatur,
1024 1197 1167 1263 Defende
1182 1197 1371 1265 nosafocie

344 1278 590 1348 humefactus
604 1282 754 1348 hostium.
1022 1282 1187 1364 Supplicii.

612 1384 617 1391 ·
1022 1365 1365 1448 Reparatorsalvilice,

1022 1451 1143 1532 Dignos
1158 1450 1227 1515 cibo
1243 1467 1301 1514 nos
1317 1449 1414 1528 effice,

1021 1535 1178 1599 Medicine
1194 1533 1318 1599 coelice.

361 1656 387 1697 ι
405 1639 502 1695 Text.
539 1641 626 1699 Noale
644 1658 672 1711 p.
690 1644 734 1695 26.
753 1657 768 1696 e
786 1640 865 1697 Miss.
885 1640 1019 1710 Progensi
1039 1645 1116 1697 1522.
1153 1673 1187 1682 -
1223 1641 1324 1697 Daniel
1343 1641 1378 1709 V,
1394 1644 1455 1696 211.
1475 1640 1525 1695 liat
1545 1640 1597 1693 (lca

288 1710 362 1767 Text
380 1728 434 1769 aas
452 1712 548 1769 Nesla.

361 1800 389 1857 b.
407 1799 564 1855 Bemerk.
604 1807 627 1871 l,
646 1808 671 1858 6.
690 1804 774 1858 Esse
792 1817 842 1871 pro
862 1801 1012 1856 essentiam
1032 1802 1074 1857 rel
1092 1809 1222 1857 naturam
1241 1802 1329 1857 utitur
1345 1808 1437 1871 pocta.
1457 1799 1596 1855 Nealc-

289 1872 614 2013 &fflolxlggliendebet
632 1873 809 1930 medicina
827 1872 978 1943 onelios,
1005 1874 1049 1929 vel
1078 1874 1248 1930 medicine
1273 1889 1323 1943 pro
1342 1872 1475 1929 medice
1494 1872 1595 1926 vitiose

729 2266 798 2327 163.
841 2260 964 2326 Diebus
985 2260 1160 2326 dominicis.

312 2406 341 2467 l.
363 2398 461 2465 Stans
476 2398 614 2479 alonge,
630 2398 684 2478 qai
699 2398 837 2480 plurima
851 2402 1055 2481 perpetrarat
1069 2396 1211 2462 facinora

309 2490 340 2550 2.
362 2484 467 2565 Atque
481 2501 541 2549 sua
554 2482 720 2548 revolvens
736 2499 844 2548 secum
860 2483 1002 2559 crimina,

308 2574 340 2635 3.
361 2566 500 2633 Nolebat
513 2568 581 2633 alta
596 2567 811 2648 contemplare
827 2566 906 2631 coeli
921 2568 1046 2648 sydera,

307 2659 340 2719 4.
361 2650 425 2717 Sed
439 2651 578 2718 tundens
592 2655 704 2733 pectus
720 2651 797 2717 haec
812 2652 982 2733 promebat
996 2668 1051 2715 ore
1066 2650 1252 2715 lacrimans:

308 2740 340 2803 5.
360 2736 448 2801 Deus
462 2736 620 2819 propitius
635 2740 705 2801 esto
720 2735 798 2800 mihi
812 2735 973 2816 peccatori

309 2824 340 2885 6.
360 2820 406 2887 Et
418 2838 491 2887 mea
505 2819 612 2886 omnia
625 2821 696 2902 pius
712 2819 784 2884 dele
799 2817 950 2884 facinora.

309 2911 340 2971 7.
360 2905 432 2972 Hac
444 2923 520 2970 voce
536 2904 706 2985 benignam
721 2905 899 2987 promeruit
913 2904 1124 2983 clementiam,

309 2999 340 3062 8.
360 2989 507 3055 Necnon
522 2993 556 3054 et
570 2988 763 3054 iustificatos
778 2989 866 3054 venit
881 2989 1010 3052 domum
1025 3006 1124 3054 suam.

308 3079 339 3140 9.
361 3071 461 3140 Gaius
475 3090 534 3138 nos
551 3089 643 3138 saera
656 3078 818 3139 certantes
835 3075 980 3154 exempla
995 3074 1138 3137 dicamus
1152 3071 1237 3136 Deo:

289 3161 339 3224 10.
360 3157 448 3224 Deus
462 3155 598 3238 benigne
612 3159 714 3222 nostri
729 3158 879 3223 miserere
893 3159 1004 3223 laxans
1019 3156 1130 3222 debita

290 3247 339 3310 ll.
360 3239 450 3308 Mitis
463 3246 498 3306 et
511 3258 570 3307 nos
585 3239 731 3307 instifioa.

358 3349 454 3406 Text.
490 3350 592 3406 Daniel
611 3349 647 3420 ΙΙ,
665 3352 708 3405 66.
735 3351 785 3405 leat
813 3351 858 3404 die
876 3354 902 3402 1.
920 3348 998 3403 Zeila
1017 3366 1069 3403 aas
1097 3348 1162 3403 Corl.
1189 3347 1265 3404 Mon.
1285 3351 1309 3402 6.
1337 3362 1408 3403 saec.
1428 3347 1474 3402 lll.
1501 3347 1518 3401 f.
1539 3351 1592 3416 37,

288 3419 451 3478 ananeli.
471 3421 565 3478 Christ
581 3425 638 3477 mtr
656 3422 701 3478 dic
717 3437 807 3492 ponae
825 3421 950 3491 Seque-ne
969 3420 1190 3490 obpescltra'eben.

727 3820 796 3882 164.
839 3813 892 3880 De
913 3814 964 3880 (lie
985 3812 1154 3878 (lominica.

292 3957 320 4016 l.
345 3947 463 4014 Omnes
478 3966 542 4014 una
556 3947 762 4028 celebremus,
964 3953 993 4016 3.
1019 3947 1057 4011 In
1073 3963 1137 4027 qna
1151 3961 1212 4026 pax
1230 3942 1393 4024 Apostolis

346 4031 747 4099 celebrandoveneremus
1020 4031 1124 4095 Datur
1139 4027 1255 4092 clausis
1270 4028 1375 4091 ianuis

345 4116 747 4183 christinunesolemnia:
1019 4112 1330 4180 Adivinomuncro:

345 4199 428 4267 Ecce
442 4201 512 4266 oles
526 4219 662 4284 magnus
676 4201 747 4282 Dei,
1021 4199 1058 4263 In
1073 4216 1136 4278 quo
1154 4197 1257 4261 sancti
1271 4193 1410 4276 Spiritus

344 4284 727 4368 Diessummaerequiei,
1021 4283 1104 4348 Sunt
1119 4280 1233 4361 repleti
1247 4280 1353 4360 gratia

344 4369 422 4436 Dies
437 4375 490 4436 est
503 4370 671 4436 dominica.
1022 4367 1175 4432 lloctoros
1191 4364 1351 4430 ecclesiae.

289 4455 321 4518 2.
345 4451 384 4518 ln
421 4471 485 4536 qna
520 4453 657 4521 mundns
692 4452 830 4536 sumpsit
864 4470 918 4516 ex-

390 4537 526 4618 ordinm,

345 4619 383 4686 In
398 4640 462 4704 qua
475 4622 542 4688 vito
556 4622 642 4704 cepit
654 4620 792 4702 initium,
964 4625 994 4684 4.
1021 4619 1058 4683 In
1074 4617 1186 4683 eadem
1201 4618 1338 4682 sumitur

346 4703 434 4772 Haec
448 4711 500 4772 est
514 4706 600 4772 dies:
1020 4702 1112 4767 Tube
1127 4700 1294 4780 Evangelii

346 4789 384 4856 In
411 4807 478 4872 qua
505 4790 654 4858 Christus
688 4789 838 4856 contrivit
872 4789 919 4852 in·
1021 4784 1229 4850 Praedicanrli
1243 4783 1378 4866 populo:

389 4873 487 4954 ieros,
1020 4870 1079 4935 Est
1093 4869 1125 4934 in
1140 4869 1201 4933 hac
1216 4868 1420 4951 prohibitum,

344 4955 738 5026 Plasmasuumvcxitad
754 4973 897 5040 superos,
1020 4953 1068 5018 No
1082 4953 1140 5019 fiat
1153 4954 1338 5035 pontificum

343 5041 435 5110 llaec
450 5043 596 5112 estdies.
1019 5037 1091 5105 Nisi
1106 5039 1315 5106 consecratio.
