3975 5800
873 584 1106 651 -532-

804 767 874 829 791.
916 762 969 833 De
990 785 1015 830 s.
1040 763 1186 831 corda.

346 906 373 969 i.
399 897 574 964 Benedicta
588 917 623 963 es
638 899 729 980 uirgo
745 898 892 980 Caecilia,
1070 902 1174 968 Rosos
1188 903 1359 965 vernantes
1374 899 1454 964 mire
1467 896 1644 980 flagrantes

400 983 490 1061 Quae
505 999 659 1063 spernens
678 983 839 1050 mundana
853 985 971 1067 gaudia
1069 984 1115 1050 To
1131 1001 1203 1050 cum
1218 998 1334 1067 sponso
1350 985 1542 1049 coronantes

400 1067 493 1132 Nunc
508 1071 599 1132 tenes
614 1069 781 1132 eoelestia:
1071 1067 1200 1152 Recipis
1215 1066 1374 1133 etlilium.

399 1148 477 1216 Fide
505 1151 599 1232 piena
634 1151 751 1216 mentis
781 1169 906 1235 semper
935 1159 971 1219 tu
1017 1160 1046 1220 3.
1071 1151 1271 1218 Almaohium
1287 1149 1433 1217 devicisti

442 1252 554 1300 serena
1071 1236 1115 1301 Et
1129 1235 1313 1302 mendacem
1328 1231 1508 1314 ostendisti,

402 1318 569 1401 Sapienter
583 1319 669 1383 intus
685 1319 842 1385 obscoena
1072 1319 1215 1385 Tandem
1230 1318 1272 1385 ad
1286 1336 1435 1386 coronam
1448 1318 1600 1386 transisti

401 1401 514 1468 Carnis
529 1406 693 1486 assumpta
708 1403 809 1485 pecie.
1073 1402 1136 1469 Per
1150 1404 1256 1483 ignem
1270 1408 1305 1469 et
1319 1402 1478 1484 gladium:

1073 1486 1166 1553 Nunc
1180 1487 1270 1570 virgo
1284 1491 1318 1553 te
1332 1487 1551 1571 deprecamur,

345 1573 374 1634 2.
400 1569 606 1635 Valerianum
614 1587 765 1650 sponsum
772 1570 972 1653 prophanum
1074 1570 1176 1649 Quam
1192 1572 1305 1637 devote
1321 1588 1518 1650 veneramur,

403 1652 838 1735 ConvertisqueTyburtium
1074 1655 1120 1721 Ut
1134 1674 1191 1739 per
1206 1673 1317 1737 preces
1332 1660 1406 1720 tuas
1421 1654 1577 1721 vehamur

401 1737 633 1804 Demonstrans
647 1738 677 1803 ei
692 1739 857 1820 angelum:
1076 1739 1126 1805 Ad
1142 1740 1220 1806 coeli
1235 1739 1401 1821 palatium
1430 1737 1543 1805 Amen.

416 1844 512 1901 Text.
548 1846 628 1903 Misso.
646 1845 725 1901 fratr.
743 1846 824 1902 Paris
844 1847 921 1902 1520.

897 2004 1096 2015 --——————-

825 2135 895 2197 792.
937 2130 990 2198 Dc
1009 2150 1035 2198 a.
1060 2131 1168 2199 clara

453 2248 533 2316 (Geir.
552 2265 588 2304 aa
605 2248 703 2304 Aasici
719 2251 758 2302 im
777 2250 803 2305 J.
822 2253 902 2318 1193,
919 2255 988 2322 pest.
1007 2254 1050 2306 11.
1071 2251 1144 2321 dap.
1162 2251 1242 2317 1253,
1261 2249 1372 2304 veretri
1389 2251 1433 2304 12.
1451 2248 1541 2320 dap.)

349 2377 376 2436 l.
402 2372 440 2436 In
454 2370 585 2451 perenni
600 2369 703 2451 gloria
1017 2377 1045 2442 3.
1075 2370 1172 2437 Clara
1187 2375 1296 2436 custos
1311 2370 1482 2449 castitatis,

403 2452 783 2520 Claraeuunomemoria
1071 2455 1130 2520 Pia
1144 2471 1263 2536 parens
1276 2456 1474 2537 paupertatis

405 2537 513 2604 Claret
528 2537 641 2603 Clarae
656 2537 813 2619 Virginis:
1071 2539 1198 2604 Meritis
1213 2539 1405 2605 clarissima:

404 2621 493 2699 Quae
508 2630 582 2702 post
596 2621 782 2686 transitoria
1072 2622 1140 2687 Iam
1155 2622 1188 2687 in
1204 2622 1291 2687 coelo
1307 2627 1489 2701 coronatur,

403 2705 749 2771 Carniscumvictoria
1062 2704 1116 2772 fic
1130 2707 1163 2770 in
1178 2705 1296 2771 mundo
1312 2706 1496 2774 declaratur

403 2790 549 2871 Regnum
564 2788 651 2854 subit
664 2788 803 2855 luminis.
1073 2789 1180 2872 Signis
1194 2790 1420 2871 insignissima

348 2878 377 2939 2.
402 2873 496 2940 Clara
509 2873 569 2938 Dei
584 2871 704 2939 famula
1017 2883 1046 2943 4.
1073 2874 1160 2955 Ergo
1175 2873 1265 2957 virgo
1281 2881 1346 2940 tarn
1361 2874 1467 2955 beatu,

402 2957 715 3039 Rosafuitprimula
1073 2959 1498 3041 Sponsoiunctaetdotata

403 3042 571 3123 Virginum
585 3043 723 3107 rosario:
1072 3043 1192 3108 Fruotu
1207 3044 1406 3108 centenario:

401 3125 504 3203 Quam
519 3125 708 3191 Francisous
723 3124 843 3191 nomini
1073 3127 1136 3191 Pro
1150 3132 1244 3192 reatu
1259 3128 1446 3193 miserorum

402 3211 625 3277 Consecrando
639 3208 767 3274 Domini
1071 3209 1188 3275 Preces
1204 3209 1523 3278 offersinooelorum

401 3294 509 3359 Iunxit
523 3292 721 3359 Sanctuario.
1073 3293 1203 3359 Summo
1219 3295 1400 3361 secretario.
1430 3296 1543 3362 amen.

416 3400 508 3458 Text.
544 3402 824 3460 mirandarum.
845 3405 921 3459 1520.
965 3413 971 3423 “

891 3565 925 3573 ..-
935 3564 1088 3576 φημι-εκ·-

782 3697 851 3760 793.
894 3691 946 3760 De
967 3698 1078 3761 sancto
1101 3692 1208 3760 Claro.

346 3838 371 3896 l.
397 3831 549 3915 Sospitati
565 3832 654 3899 dedit
668 3850 782 3916 aegros
1017 3841 1046 3902 3.
1072 3834 1499 3917 Oquamprobatsanotam
1513 3834 1572 3902 Dei

398 3915 509 3981 Crucis
524 3918 731 3998 consignatio,
1072 3920 1167 3985 Panis
1181 3919 1414 4000 augmentatio!

398 4000 498 4080 Virgo
514 3999 609 4065 Clara
624 4006 735 4067 eontra
750 4018 844 4083 rogos
1071 4004 1185 4068 Virtus
1199 4008 1291 4084 patet
1305 4000 1423 4067 Helisoi
1550 4014 1552 4019 ·

397 4083 498 4150 affuit
511 4084 681 4167 praesidio.
1071 4085 1283 4153 Oleiintusio.

1015 4176 1044 4235 4.
1070 4171 1156 4251 Ergo
1172 4170 1294 4251 laudes,
1308 4171 1399 4252 virgo
1415 4167 1520 4254 Clara,

341 4255 370 4315 2.
395 4251 487 4317 Hanc
502 4251 649 4317 Christus
665 4270 721 4318 cns
736 4253 768 4318 in
783 4251 889 4320 hostia
1071 4254 1143 4319 Tibi
1159 4253 1442 4321 dathaecconcio.

397 4333 527 4401 Solatur
542 4336 676 4417 eloquio,
1068 4338 1150 4403 Nam
1165 4338 1219 4421 qui
1234 4336 1375 4419 flagrans
1390 4338 1497 4407 cordis
1512 4357 1577 4418 ara,

396 4418 687 4503 Indoiugatpreoe
702 4420 755 4502 pia
1068 4422 1114 4486 Te
1129 4423 1247 4488 mulcet
1261 4422 1425 4504 obsequio,

394 4502 513 4570 Turoos
533 4506 573 4571 ab
589 4504 723 4570 assisio.
1078 4505 1195 4589 Sospes
1211 4506 1402 4589 regreditur.
1429 4507 1540 4573 Amen.

410 4609 505 4667 Text.
542 4612 620 4669 Miss.
639 4610 720 4668 fratr.
739 4612 827 4670 Paris.
849 4615 926 4667 1520.

889 4807 1088 4817 0—-1—--4-1-
