3975 5800
884 654 1115 718 -268-

357 838 403 897 15.
422 829 496 910 Vos,
513 848 669 913 quemquo
684 832 899 914 singulariter,
1098 832 1158 911 Qui
1174 834 1338 901 meruistis
1353 851 1486 901 cernere

425 915 605 997 Omnesque
620 934 733 996 precor
749 917 878 999 pariter,
1096 917 1199 983 Deum
1215 925 1360 986 nostrum
1374 920 1406 984 in
1421 934 1569 1001 corpore.

423 997 470 1063 Ut
483 1018 542 1080 pro
558 999 637 1064 meis
652 1001 833 1066 excessibus
1031 1007 1079 1069 18.
1099 1004 1165 1068 Vos
1179 1003 1258 1068 estis
1273 1003 1382 1068 mundi
1397 1003 1522 1068 lumina

420 1083 526 1149 Oretis
542 1083 629 1148 horis
645 1085 798 1149 omnibus.
1098 1085 1200 1169 Super
1215 1087 1312 1153 solem
1327 1087 1478 1165 lucentia,

356 1172 403 1232 16.
423 1168 542 1235 Omnes
557 1169 659 1233 suncti
675 1170 823 1250 apostoli,
1096 1169 1159 1235 Per
1173 1188 1253 1251 quos
1268 1172 1371 1253 fulget
1384 1169 1523 1236 ecclesia

423 1251 558 1316 Meiros
573 1253 776 1333 miseremini,
808 1254 810 1258 ’
1097 1252 1143 1319 Ut
1159 1256 1208 1320 sol
1223 1260 1255 1320 et
1270 1256 1347 1321 luna
1361 1253 1544 1336 splendida.

422 1336 537 1401 Vestra
551 1341 661 1400 sancta
678 1337 830 1401 irremoria
1029 1341 1077 1401 19.
1098 1337 1177 1403 Cum
1192 1338 1257 1405 filio
1272 1358 1329 1405 vos
1344 1338 1482 1405 hominis

420 1417 473 1483 Me
488 1418 666 1485 collocetin
682 1421 793 1501 gloria.
1096 1422 1573 1499 Huncmundumiudicabitis;

354 1508 401 1568 17.
421 1502 486 1567 Vos
503 1504 612 1568 mundi
628 1505 668 1568 dc
683 1505 875 1571 tumultibus
1094 1506 1146 1571 Me
1162 1525 1219 1589 per
1233 1525 1290 1573 vos
1305 1508 1429 1573 salvum
1445 1510 1593 1587 exspecto

419 1586 527 1668 Elegit
541 1589 613 1668 pius
629 1589 786 1669 dominus,
1093 1590 1245 1656 Extremo
1261 1593 1294 1656 in
1308 1591 1435 1657 iudicio.
1471 1593 1584 1655 Amen.

422 1712 446 1751 a.
465 1694 561 1750 Tcaet.
598 1697 688 1752 Morel
715 1698 767 1753 No.
786 1701 848 1752 234.
875 1696 983 1752 6148.
1012 1712 1079 1752 aas:
1114 1698 1250 1755 Hortnlus
1276 1701 1385 1755 animae
1412 1698 1505 1768 (Paris
1524 1696 1560 1753 da
1577 1696 1630 1751 Brit

350 1765 398 1822 ΒΖ.
417 1771 478 1821 112.
497 1769 581 1823 Mone
594 1770 680 1836 fdbrt
698 1772 723 1839 3,
742 1773 785 1824 67.
806 1786 858 1824 aas
877 1770 937 1823 dem
955 1769 1037 1823 Hort.
1056 1769 1102 1824 dic
1119 1773 1138 1823 2
1155 1777 1247 1825 ersten
1264 1771 1360 1826 Zeilen
1378 1787 1424 1826 aa.

419 1855 446 1913 b.
465 1854 603 1912 Leaart.
639 1864 665 1927 4,
684 1861 709 1913 2.
727 1858 817 1914 Morcl
835 1856 875 1927 (S.
894 1860 968 1926 331.)
986 1857 1047 1913 will
1064 1865 1094 1913 tu
1113 1874 1164 1913 vor
1183 1859 1251 1914 oder
1268 1860 1341 1915 noch
1358 1875 1420 1915 mea
1439 1857 1620 1914 dmclriebea.

822 2179 895 2240 373.
937 2173 990 2240 De
1012 2174 1183 2255 Apostolis.

352 2315 378 2374 1.
406 2307 485 2373 Cum
501 2324 649 2389 suprema
664 2307 802 2373 melodia
1079 2307 1240 2386 Iacobum,
1260 2312 1370 2373 natum
1384 2306 1499 2390 Alphei

406 2392 506 2458 Sonat
520 2391 623 2457 dulcis
638 2391 813 2470 harmonia,
1078 2391 1293 2472 lacobumquo
1309 2390 1467 2457 Zebedaei

405 2475 526 2543 Psallat
540 2493 600 2540 vox
616 2476 774 2556 angelica:
1077 2475 1121 2541 Et
1135 2475 1290 2541 Mathiam
1305 2474 1407 2558 Syria,

405 2560 528 2625 Chorus
543 2561 682 2624 omnium
698 2567 880 2625 sanctorum
1021 2563 1050 2622 5.
1076 2558 1244 2641 Symonem
1261 2566 1293 2625 et
1309 2558 1422 2625 ludam
1437 2558 1548 2642 Persa,

404 2643 568 2709 Laudibus
582 2644 799 2726 apostolorum
1076 2645 1259 2709 Barnabam
1275 2642 1399 2726 Cyprus
1414 2662 1576 2727 perversa,

404 2728 505 2793 Cunct
518 2727 603 2793 lacta
618 2727 750 2792 cantica.
1075 2728 1219 2793 Marcum
1236 2726 1439 2808 Alexandria,

348 2815 377 2876 2.
403 2810 547 2877 Verbum
562 2812 621 2877 Dei
636 2810 835 2876 incarnatum
1076 2812 1246 2893 Aethiopia
1261 2811 1456 2892 Mathaeum,

405 2894 529 2961 Clamat
544 2894 661 2961 mundo
677 2915 749 2962 esse
765 2903 875 2962 natum
1075 2896 1169 2962 India
1184 2896 1445 2963 Bartholomeum

402 2981 447 3044 Et
461 2981 577 3062 probat
592 2980 768 3046 miraculis:
1075 2981 1119 3045 Et
1134 2981 1312 3064 Philippum
1329 2982 1415 3046 Asia.

403 3064 571 3130 Ydolatria
586 3066 744 3144 turbatur,
861 3080 864 3086 ·
1021 3064 1048 3125 6.
1076 3065 1233 3130 Iohannes
1248 3068 1280 3131 in
1295 3067 1382 3143 Asia,

403 3149 523 3215 Contra
538 3148 700 3215 Christum
717 3148 930 3216 inflammatur
1076 3149 1179 3215 Lucus
1195 3151 1228 3215 in
1243 3150 1395 3231 Bithynia

402 3232 445 3298 Et
459 3238 602 3299 armatur
617 3234 738 3300 iaculis.
1075 3234 1113 3298 ln
1127 3251 1205 3315 pace
1219 3236 1454 3315 migraverunt:

347 3316 376 3376 3.
403 3318 540 3400 Oquam
555 3319 728 3384 mirahaec
744 3317 866 3400 sophia,
1076 3316 1141 3383 Uni
1156 3319 1224 3383 Deo
1243 3318 1354 3399 gloria,

403 3402 430 3466 0
446 3420 541 3483 quam
557 3420 639 3467 nova
653 3401 733 3467 coeli
750 3403 817 3468 via!
1076 3401 1173 3467 Cuius
1187 3404 1322 3468 victoria

402 3486 511 3551 Vincit
526 3488 579 3567 qui
596 3487 767 3552 occiditur:
1075 3486 1183 3552 Sancti
1200 3487 1486 3569 triumphaverunt.

401 3569 504 3635 Roma
518 3577 611 3636 necat
625 3569 753 3635 Petrum
770 3585 871 3649 cruce,
1020 3570 1048 3629 7.
1074 3571 1116 3635 Et
1131 3590 1186 3636 vos
1201 3575 1318 3654 patres,
1335 3571 1418 3635 veris
1431 3567 1535 3646 bonis,

401 3653 537 3718 Paulum
554 3672 638 3724 ense,
656 3660 688 3720 et
703 3655 748 3719 sic
763 3652 842 3717 duce
1074 3654 1264 3736 Locupletes
1279 3655 1359 3719 coeli
1374 3653 1477 3732 donis,

402 3736 530 3803 Christo
546 3737 682 3802 mundus
697 3738 842 3802 uincitur.
1074 3739 1169 3821 Apud
1184 3740 1333 3805 thronum
1348 3738 1482 3820 gratiae,

345 3818 365 3877 4
392 3821 558 3903 Crucifigit
573 3839 630 3904 per
643 3822 782 3902 degeam
1074 3823 1267 3888 luterccdite
1282 3842 1340 3904 pro
1357 3822 1458 3900 nobis,

400 3906 524 3984 Patras,
541 3906 658 3971 occidit
672 3905 842 3985 Andrcam,
1073 3906 1117 3971 Ut
1133 3912 1294 3973 consortes
1309 3907 1407 3972 simus
1422 3903 1512 3970 vobis

402 3990 515 4055 Caedit
529 3988 682 4054 Thomam
697 3988 798 4054 India.
1073 3990 1271 4057 Cohaeredos
1286 3992 1417 4073 gloriae.

413 4097 511 4152 Text.
548 4098 638 4151 Morcl
657 4098 708 4151 No.
728 4100 789 4152 237.
808 4096 835 4150 S.
854 4099 915 4150 150.
935 4113 1000 4151 aas:
1025 4097 1078 4153 Ha.
1102 4116 1139 4153 aa
1163 4099 1203 4154 St.
1222 4099 1323 4155 Calleva
1341 4100 1393 4154 No.
1413 4099 1465 4155 646
1494 4092 1629 4164 (Brandcr

342 4169 390 4225 Bi.
408 4173 469 4239 371,
488 4170 539 4223 mit
557 4169 607 4222 ulcr
624 4168 755 4223 Melodie.
774 4199 809 4208 -
828 4169 928 4222 Daniel
946 4168 979 4237 V,
1001 4173 1059 4223 171.
1078 4171 1129 4224 hut
1147 4189 1200 4227 aaa
1219 4172 1360 4226 derrclbau
1377 4170 1430 4226 Ha.
1449 4169 1496 4223 die
1513 4170 1531 4220 3
1549 4170 1629 4221 crater

342 4241 446 4312 Zeilen,
465 4242 532 4296 uber
550 4246 636 4295 atauus
655 4241 846 4295 abweichcnd:
864 4241 937 4295 Dum
956 4256 978 4294 s.
997 4258 1032 4295 m.
1052 4242 1139 4298 Sonat
1157 4244 1183 4298 d.
1202 4243 1335 4299 armonia.

700 4547 772 4607 374.
814 4541 857 4609 In
879 4544 1036 4609 cenomani
1056 4544 1292 4626 Apostolorum.

364 4682 391 4739 1.
415 4672 553 4740 Alleluia
567 4693 649 4741 nunc
665 4676 813 4741 decantet
828 4677 1018 4743 universalis
1033 4676 1175 4758 ecclesia,

363 4765 392 4822 2.
414 4759 605 4825 Extollendo
619 4760 715 4825 laude
731 4761 818 4827 celsa
833 4762 1051 4844 apostolorum
1065 4764 1213 4844 insignia.

363 4851 391 4911 3.
415 4842 555 4919 Quorum
570 4845 715 4927 princeps
730 4864 787 4927 per
801 4864 925 4911 crucem
939 4846 1065 4913 scandit
1079 4848 1194 4912 Petrus
1210 4845 1276 4913 alta
1289 4847 1354 4930 poli
1369 4843 1486 4918 sidera,

360 4934 391 4992 4.
414 4927 533 4993 Ductor
547 4930 634 4994 orbis
649 4930 826 5012 triumphat
840 4930 899 4996 sub
913 4930 943 4996 N
945 4949 1039 4997 arone
1054 4933 1133 4998 urbe
1147 4932 1181 4998 in
1194 4930 1358 5000 Romulea.

362 5017 391 5078 5.
414 5010 500 5078 Crux
514 5011 662 5080 Andreae
677 5013 776 5095 digua
790 5013 914 5082 confert
926 5016 1080 5097 praemia.
