3975 5800
947 641 1180 706 ..124-

419 822 448 882 b.
473 820 571 887 Nulla
585 821 807 903 multiplicitas
822 821 1055 903 inmunitate,

473 905 686 972 Personarum
700 906 822 989 paritas
837 907 934 972 estin
949 907 1117 988 Trinitate,

472 989 615 1055 indivisa
629 987 769 1055 Trinitas
784 994 833 1056 est
846 992 879 1055 in
894 988 1037 1057 Unitate.

419 1073 448 1135 6.
474 1073 564 1139 Patri
578 1078 674 1140 natus
689 1074 802 1140 similis
817 1074 922 1141 Patris
937 1080 988 1140 est
1001 1075 1117 1157 imago,

474 1157 537 1224 Sed
551 1175 615 1223 non
629 1158 677 1222 rei
691 1156 794 1225 facilis
809 1158 903 1224 huius
918 1163 969 1224 est
981 1159 1109 1242 indago,

474 1241 525 1307 Sit
538 1242 570 1306 in
584 1243 648 1308 fide
663 1243 789 1309 stabilis
804 1242 944 1309 humana
958 1261 1110 1326 propago.

420 1326 449 1384 7.
472 1326 544 1391 Non
560 1332 611 1392 est
625 1328 839 1393 necessarium
854 1332 981 1394 nostrae
996 1329 1165 1410 parvitatis

472 1410 588 1476 Velnm
602 1410 669 1475 alto
683 1411 797 1477 tollere
812 1429 955 1478 summae
970 1411 1148 1492 Trinitatis

473 1492 538 1562 Ubi
553 1499 662 1560 nostra
676 1496 805 1579 saepius
818 1500 869 1562 est
883 1514 1037 1563 concussa
1050 1497 1144 1574 ratio,

472 1578 510 1644 In
525 1596 669 1644 errorum
685 1578 836 1646 fluctibus
850 1580 903 1645 vix
917 1580 1108 1662 enavigatio.

418 1661 448 1722 8.
473 1662 683 1729 absolvamus
698 1664 868 1729 anchoram
883 1683 903 1729 a
917 1662 1145 1748 profunditate,

473 1747 517 1812 Et
530 1747 673 1813 laxemus
689 1750 824 1815 carbasa
839 1765 911 1812 cum
926 1748 1108 1829 securitate,

475 1829 541 1897 Ubi
555 1831 717 1914 navigatio
731 1833 794 1899 levi
808 1837 900 1915 patet
913 1838 993 1912 rate,

473 1913 537 1980 Ubi
551 1921 663 1999 portus
679 1916 819 1982 trabitur
832 1917 865 1981 in
884 1916 1129 1998 tranquillitate.

490 2039 515 2079 a.
536 2022 630 2080 Text.
665 2024 755 2083 Nesla
772 2042 799 2095 p.
819 2028 881 2081 264.
900 2041 916 2082 o
934 2026 1014 2081 Mira.
1032 2023 1207 2083 Nidroaianai
1227 2027 1303 2082 1519.
1323 2054 1357 2066 -
1372 2022 1473 2079 Daniel
1491 2020 1527 2093 V,
1535 2021 1725 2079 anabudan

416 2095 488 2153 Text
506 2113 559 2152 aaa
577 2097 673 2153 Nesla.

487 2186 513 2241 b.
532 2183 719 2240 Lacertae.
756 2186 781 2254 5,
800 2188 826 2240 2.
845 2184 931 2240 Liber
950 2186 983 2241 in
1002 2185 1152 2241 unitate.

827 2393 895 2455 148.
938 2388 991 2455 Dc
1011 2395 1125 2457 acacia
1148 2388 1314 2454 Trinitate.

442 2530 470 2589 1.
491 2520 578 2587 Voce
592 2521 764 2588 iubilantes
777 2540 904 2604 magna,

439 2612 468 2673 2.
490 2607 572 2689 Regi
587 2625 710 2674 summo
724 2606 839 2674 devote
853 2625 910 2690 per
925 2607 1063 2688 saecula,

439 2697 469 2758 3.
491 2691 702 2759 Personemus
717 2691 856 2757 maxima
870 2692 1002 2759 laudum
1016 2696 1101 2758 vota.

438 2783 468 2841 4.
491 2774 630 2856 (ioelum,
647 2775 761 2856 sidera,
776 2775 862 2854 luna,
878 2776 926 2842 sol
941 2781 974 2842 et
987 2775 1094 2841 omnia
1112 2773 1272 2854 aetherea,

440 2866 470 2927 5.
492 2858 609 2942 Tellus,
625 2862 690 2940 air,
707 2864 740 2927 et
752 2876 851 2940 mare,
866 2857 971 2927 fontes
987 2865 1021 2926 et
1034 2859 1174 2927 flumina.

439 2949 468 3010 6.
492 2945 603 3011 Omnis
618 2952 765 3011 creatura
779 2945 1003 3012 concelebrare
1017 2963 1081 3010 non
1101 2943 1228 3024 desinit

440 3036 469 3095 7.
492 3028 603 3095 Laude
618 3030 778 3109 continua,
794 3034 908 3095 cuncta
922 3030 1060 3095 creantis
1075 3027 1246 3110 magnalia.

438 3119 469 3180 8.
492 3113 646 3180 Maiestas
662 3114 751 3180 cuius
766 3120 817 3180 est
830 3114 924 3180 unica
939 3112 1088 3179 decenter
1101 3113 1135 3179 in
1150 3111 1257 3179 Patria
1271 3109 1382 3192 gloria

438 3204 467 3264 9.
491 3197 593 3275 Quem
606 3199 742 3264 laudant
755 3216 895 3279 superna
908 3199 1028 3280 iugiter
1041 3198 1169 3280 agmina
1183 3213 1259 3263 voce
1273 3194 1446 3274 cuonone,

420 3288 468 3349 10.
492 3281 553 3360 Qui
568 3282 783 3365 proclamant:
799 3281 946 3362 Sanctus,
962 3280 1110 3363 Sanctus,
1126 3280 1270 3359 Sanctus,
1285 3279 1382 3358 Deus,
1399 3276 1564 3357 Hosanna,

329 3428 339 3443 ,
420 3374 468 3433 11.
491 3366 593 3445 Quem
609 3366 700 3433 decet
715 3368 817 3434 omnis
831 3368 910 3447 laus,
926 3367 1038 3447 honor,
1054 3366 1169 3448 virtus,
1182 3364 1270 3432 salus
1284 3369 1317 3430 et
1331 3361 1443 3444 gloria.

420 3456 469 3520 12.
491 3452 610 3517 Aurem
625 3454 714 3517 tuam
728 3452 820 3519 nobis
833 3451 961 3532 inclina,

420 3542 469 3604 13.
492 3535 696 3619 Supplicibus
710 3536 836 3602 veniam
850 3542 886 3601 tu
903 3535 996 3611 dona,

420 3626 468 3684 14.
491 3617 538 3684 Ut
551 3624 584 3684 te
600 3619 815 3685 collaudemus
829 3620 863 3685 in
878 3619 1015 3686 saecula
1043 3618 1154 3686 Amen.

376 3721 381 3727 ’
488 3743 514 3782 a.
533 3725 628 3782 Teat.
665 3727 753 3783 Neale
771 3744 798 3796 p.
817 3729 879 3783 266.
898 3743 913 3784 a
932 3727 1011 3784 Mica.
1029 3726 1205 3785 Nidroaianai
1224 3729 1301 3783 1519.
1338 3722 1439 3782 Daniel
1457 3723 1490 3794 V,
1509 3726 1572 3781 209.
1598 3724 1651 3781 bat
1668 3723 1720 3779 aaa

418 3797 489 3854 Text
507 3815 560 3854 aaa
577 3798 675 3854 Neela.

489 3888 515 3942 b.
534 3886 723 3941 Leaartea.
760 3889 785 3942 5.
803 3886 915 3943 Excidit
932 3885 1126 3957 profunda,
1146 3885 1188 3942 val
1207 3882 1483 3955 eliquationem.
1506 3889 1558 3951 ,at
1575 3896 1641 3941 vero
1660 3900 1719 3939 cum

418 3960 448 4014 in
466 3959 589 4029 atrophia
608 3962 687 4014 5-6.
706 3959 784 4013 nulla
801 3976 855 4015 vox
874 3959 1000 4029 epitheto
1019 3964 1120 4014 ornata
1137 3958 1182 4026 ait,
1200 3957 1258 4012 alia
1275 3973 1330 4014 uox
1347 3954 1502 4027 supplenda
1515 3955 1720 4026 astmiayllaba,

417 4029 540 4157 goffia
567 4037 667 4085 terra
695 4036 729 4085 et
755 4030 876 4100 maria,
903 4036 935 4086 ut
961 4029 1045 4086 tellus
1072 4028 1243 4100 respondeat
1260 4029 1349 4098 aori,
1375 4035 1474 4082 tarra
1491 4034 1587 4084 autam
1604 4028 1720 4083 mari.“

680 4306 748 4367 149.
792 4296 835 4361 Ia
855 4297 955 4364 misso
976 4299 1082 4364 votiva
1103 4296 1142 4362 de
1161 4299 1274 4362 sancta
1298 4292 1463 4362 faama.

421 4441 448 4500 l.
475 4432 546 4499 Vox
562 4433 728 4511 clarescat,
742 4449 831 4498 mens
846 4437 1012 4514 purgetur,
1094 4435 1123 4495 2.
1148 4428 1255 4508 Pater,
1271 4446 1394 4507 creans,
1409 4428 1582 4510 increatus,

473 4516 577 4585 Homo
593 4522 679 4583 totus
694 4517 882 4597 aemuletur,
1147 4513 1298 4592 Nasbana,
1313 4514 1354 4579 ab
1370 4517 1502 4579 aeterno
1516 4519 1621 4593 natue,

474 4600 878 4672 Ducivoceconlormetur
1147 4596 1256 4675 Amor,
1272 4594 1566 4680 abbisderivatna,

473 4684 561 4750 Pura
576 4685 788 4751 conscientia:
1148 4681 1308 4748 suntuna
1323 4681 1520 4747 substantia:

473 4768 573 4847 Patri,
589 4769 677 4834 Proli
691 4770 872 4849 iubilemus,
1148 4763 1227 4830 Tres
1240 4782 1397 4847 personae
1411 4762 1586 4847 lbinitatis,

474 4854 616 4920 Pneuma
631 4854 783 4920 Sanctum
798 4852 1027 4935 praedicemus,
1149 4846 1257 4914 Unum
1271 4866 1343 4914 esse
1356 4848 1505 4929 Deitatis,

473 4934 841 5004 Unamlaudemtribus
857 4937 976 5018 demus,
1148 4930 1231 4998 Sunt
1244 4933 1385 4999 eiusdem
1399 4932 1588 5015 maiestatis,

475 5019 563 5100 Quos
576 5022 648 5088 unit
662 5022 810 5089 essentia.
1148 5015 1193 5083 Et
1206 5016 1292 5084 idem
1305 5033 1364 5099 per
1378 5016 1493 5083 omnia.
