3975 5800
880 513 1111 577 -131-

771 696 840 760 159.
883 694 934 760 111
955 712 1085 776 comare
1108 691 1236 759 Cariati.

345 832 374 893 1.
400 824 820 907 Penemcoeliiachabere
1024 837 1052 899 3.
1079 828 1218 909 Oquam
1233 826 1335 893 dulcis
1349 827 1541 893 sacramenti

401 908 593 977 Cnmcoetn
609 910 763 993 angelico,
1077 910 1137 977 Tui
1153 914 1202 976 est
1216 909 1404 989 communio,

402 992 485 1063 Ciba
498 1000 532 1060 et
546 1001 625 1076 potu
639 994 763 1076 replere
1077 996 1273 1061 Veneremur
1287 994 1372 1076 quod
1389 995 1550 1078 praesenti

401 1076 492 1157 Quos
507 1078 649 1161 dignaris
664 1079 808 1161 mystico.
1079 1080 1210 1144 Alacres
1226 1079 1336 1145 officie.

1023 1175 1052 1233 4.
1079 1162 1164 1246 Ergo
1180 1162 1292 1229 laudes
1306 1162 1376 1243 tibi,
1392 1162 1476 1244 Iesu,

341 1250 375 1313 1.
401 1246 558 1313 Relevato
572 1247 755 1314 laborantes
1079 1247 1460 1327 (lancinathaecconcio,

401 1330 471 1398 Nos
485 1330 519 1398 in
533 1332 593 1399 hac
608 1333 711 1411 exilia,
1079 1332 1122 1396 Et
1136 1349 1194 1396 nos
1208 1333 1288 1396 intc
1304 1331 1418 1413 dignos
1432 1350 1489 1397 esu

403 1412 451 1481 Ut
464 1415 622 1482 laetemur
637 1422 669 1482 te
683 1417 854 1484 laudantes
1079 1416 1191 1481 Faciat
1205 1416 1238 1482 in
1252 1416 1401 1498 praemio.

403 1498 699 1584 Insuperncsolic.
1078 1500 1430 1583 Quemperticipamus.

419 1642 446 1681 a.
465 1624 559 1682 Text.
595 1626 672 1683 Miss.
692 1627 818 1695 lingunt.
839 1630 915 1682 1507.
935 1656 969 1667 -
989 1626 1191 1696 Wackernagel
1210 1627 1379 1696 11811111·
1398 1626 1650 1698 11111111111497.

419 1714 447 1770 b.
466 1712 652 1771 Leaarten.
689 1718 714 1785 2,
733 1718 759 1771 3.
778 1715 829 1769 tat
847 1714 944 1769 Wack.
963 1714 1028 1769 laet.
1047 1721 1076 1769 et
1094 1713 1166 1770 laud.

775 2026 844 2089 160.
886 2021 937 2089 De
958 2043 1085 2106 carpere
1109 2021 1236 2087 01111111.

352 2169 379 2228 l.
404 2156 588 2225 Hodiernae
602 2158 657 2222 lux
673 2156 736 2222 diei
1080 2158 1146 2223 Iste
1162 2157 1253 2240 panis
1269 2156 1464 2237 angelorum,

405 2240 602 2309 Sacramenti
618 2259 693 2307 vere
707 2242 754 2307 rei
1081 2240 1181 2318 Quem
1196 2243 1229 2306 in
1245 2257 1343 2306 coena
1358 2258 1414 2305 rex
1429 2238 1589 2304 coelorum

404 2326 551 2393 11111111
564 2325 763 2392 memoriam:
1079 2325 1232 2391 Praebuit
1245 2323 1420 2407 discipulis.

405 2410 511 2477 Huius
524 2409 627 2475 virtus
641 2411 831 2476 sacramenti
1024 2421 1053 2480 l.
1079 2412 1197 2476 Panem
1213 2409 1306 2488 hunc,
1321 2427 1384 2490 qun
1400 2408 1480 2474 vivit
1492 2407 1638 2487 mundae,

405 2494 548 2561 Mentem
562 2500 657 2560 sanat
672 2500 705 2559 et
719 2494 857 2560 sumenti
1081 2494 1181 2572 Quem
1197 2494 1225 2559 si
1240 2512 1347 2559 sumas
1362 2490 1456 2576 culpa
1469 2494 1618 2572 nundus,

404 2578 510 2661 Digne
524 2577 649 2643 confert
663 2578 810 2661 gratiam.
1080 2580 1220 2645 Mentem
1235 2579 1322 2643 intus
1337 2576 1454 2644 reficit:

350 2666 381 2728 2.
405 2664 477 2729 Hac
489 2663 681 2745 promissum
695 2662 736 2727 ab
750 2668 881 2729 aeterno
1080 2663 1129 2729 Ad
1145 2661 1345 2742 credendum,
1362 2663 1446 2745 quod
1461 2679 1525 2728 non
1540 2661 1638 2741 vides,

405 2745 738 2831 Dicpatethadiernc
1081 2747 1126 2812 Te
1141 2745 1306 2812 confirmet
1320 2764 1397 2812 vera
1414 2745 1503 2827 fides,

406 2830 523 2900 Nobile
536 2830 702 2897 viaticum:
1081 2830 1163 2897 Nam
1178 2832 1256 2896 haec
1271 2831 1340 2896 sela
1355 2830 1479 2897 sufficit..

407 2914 844 2999 Hocinmannafignratum
1026 2921 1055 2981 5.
1082 2917 1176 2983 Salve
1191 2915 1283 2999 panis
1297 2915 1498 2992 immortalis,

405 3001 507 3068 Nobis
521 3005 572 3066 est
586 3019 604 3065 e
618 3002 707 3066 coelo
722 3001 832 3066 datum
1081 3000 1179 3066 Cibus
1194 3000 1297 3066 dulcis
1312 3000 1370 3080 his,
1386 3018 1466 3081 quos
1484 2999 1553 3078 alis,

405 3085 523 3152 Munus
538 3085 755 3150 honorificum.
1081 3083 1239 3151 Salutaris
1253 3085 1371 3151 hostia:

349 3171 379 3234 3.
405 3169 468 3234 Hic
481 3174 532 3236 est
546 3171 648 3252 panis,
663 3187 756 3251 quem
772 3167 913 3234 ostendit
1081 3168 1143 3245 Qui
1159 3170 1217 3234 das
1233 3186 1337 3234 escam
1353 3177 1385 3234 11
1400 3168 1537 3244 timenti,

406 3252 542 3335 Moyses,
557 3259 594 3319 nt
608 3254 659 3321 lex
672 3253 865 3336 praetendit,
1081 3254 1197 3318 Potum
1211 3271 1321 3318 verum
1341 3252 1471 3329 sitienti,

404 3337 444 3404 In
459 3339 588 3404 deserto
602 3340 747 3421 populis:
1080 3338 1147 3403 Nos
1163 3337 1222 3403 hac
1237 3337 1307 3403 cibo
1324 3337 1419 3402 socia.
1449 3338 1560 3402 Amen.

419 3463 514 3520 Tect.
550 3464 639 3521 111111
658 3482 684 3535 p.
703 3466 764 3521 269.
784 3463 897 3520 111111.
916 3463 1091 3520 Nialrosiensi
1113 3468 1190 3521 1519.
1216 3495 1249 3507 —
1278 3464 1379 3520 Daniel
1398 3464 1434 3532 V,
1453 3466 1513 3519 213.
1533 3463 1583 3519 1111
1602 3463 1656 3518 dea

349 3535 421 3594 Text
439 3553 492 3594 cua
510 3535 605 3593 Neela.

903 3692 1101 3701 .—-——-———-.

713 3843 783 3906 161.
828 3837 971 3923 Infesta
993 3838 1136 3921 corpo-ris
1159 3838 1286 3907 Christi.

373 3983 401 4045 1.
418 3973 513 4040 Salve
527 3971 612 4038 festa
626 3971 703 4052 dies,
718 3976 788 4037 toto
803 3973 992 4039 venerabilis
1008 3991 1096 4052 aevo,

420 4143 442 4209 S
464 4055 546 4206 lQun
559 4056 648 4122 Deus
663 4056 840 4122 Ecclesiam
855 4057 941 4122 dicat
955 4057 1076 4122 honore
1090 4075 1189 4123 snam.

444 4159 514 4207 ave
541 4146 600 4207 etc.

372 4231 402 4292 2.
420 4225 504 4292 Ecce
516 4189 587 4292 ’dies
602 4225 698 4304 laeta
713 4230 787 4308 past
800 4224 908 4290 tristia
922 4230 1047 4290 tartara
1061 4231 1178 4308 spreta,

476 4309 591 4376 Gratia
604 4311 754 4389 succedit,
770 4310 897 4392 perdita
911 4310 978 4374 vita
993 4308 1086 4376 redit.

421 4393 524 4473 Salve,
540 4398 599 4460 etc.

371 4483 401 4544 3.
419 4477 490 4545 Η11
504 4495 621 4560 corpus
636 4478 765 4555 Christi,
781 4479 909 4543 salvans
925 4477 965 4543 de
979 4476 1090 4544 funere
1107 4477 1202 4558 tristi,

476 4562 597 4629 Manna
610 4560 770 4643 figuravit,
786 4564 881 4628 litera
894 4563 1001 4644 prisca
1017 4562 1112 4629 canit.

421 4645 526 4724 Salve,
541 4653 601 4713 etc.

372 4737 402 4800 4.
421 4731 491 4798 Hac
505 4733 637 4799 verbum
652 4729 759 4797 Patris
774 4731 852 4797 coeli
868 4728 1022 4796 formator
1037 4737 1069 4797 et
1088 4727 1172 4796 orbis

476 4814 556 4882 Cum
571 4814 666 4883 Patre
679 4820 793 4882 cuncta
807 4819 896 4882 creat
910 4821 943 4881 et
957 4813 1079 4881 deitate
1094 4815 1178 4882 beat.

420 4899 526 4983 Salve,
541 4905 602 4967 etc.
