3975 5800
870 563 1101 628 -112-

340 751 370 812 9.
396 744 538 811 lubileus
554 749 605 811 est
618 748 760 821 vocatus,

397 831 457 895 Vel
473 830 649 910 dimittens,
664 830 714 895 vol
730 835 873 897 mutatus

397 915 446 979 nd
461 914 585 996 priores
599 931 714 979 vocans
730 917 834 981 status

396 1000 460 1064 Res
476 999 647 1064 distractos
661 998 778 1064 libere:

1071 744 1139 811 Nos
1154 745 1327 813 distractos
1341 746 1400 812 sub
1418 743 1560 826 peccatis

1072 830 1204 897 Liberet
1218 831 1269 896 lex
1285 828 1454 897 charitatis

1071 914 1115 981 Et
1129 914 1291 998 perfectae
1305 913 1465 981 libertatis

1070 998 1192 1081 Dignos
1206 1000 1323 1066 reddat
1336 1015 1475 1064 munera
1491 996 1601 1062 Amen.

412 1107 504 1162 rear.
541 1106 673 1163 cirenae.
691 1107 739 1175 11,
761 1110 819 1163 rra.
853 1107 954 1163 nonio
972 1108 1008 1177 11,
1018 1112 1061 1164 ra.
1080 1108 1130 1164 aar
1149 1109 1195 1163 aaa
1212 1111 1230 1164 a
1248 1107 1446 1165 ostentatas
1463 1085 1643 1178 111111.

342 1180 395 1234 den
414 1178 484 1235 Teat
502 1179 550 1235 dea
568 1178 665 1236 Glicht.
684 1179 744 1236 und
762 1180 807 1236 dic
825 1179 927 1238 Aduot
947 1180 1077 1237 Tranehii
1095 1197 1121 1251 p.
1142 1183 1202 1237 117.

894 1309 1029 1317 ——u—-m—
1039 1308 1094 1316 ——--

695 1389 764 1451 190.
811 1384 864 1451 Dc
882 1386 1061 1470 festivitate
1082 1390 1286 1468 poderosus.

726 1502 843 1572 (Auctor
861 1509 905 1558 est
921 1502 1012 1559 Adam
1031 1502 1065 1559 de
1084 1503 1111 1559 S.
1127 1502 1259 1571 Victore.)

348 1629 373 1688 l.
401 1622 462 1702 Qui
478 1622 623 1706 procedis
638 1623 680 1688 ab
696 1628 844 1706 utroque,

402 1708 554 1773 Genitore
569 1708 742 1789 genitoque

400 1792 534 1868 Pariter,
551 1791 723 1857 Paraclite:

399 1875 510 1942 Redde
525 1875 651 1957 linguas
665 1876 861 1959 eloquentes,

401 1961 465 2026 Fac
480 1960 639 2026 ferventes
654 1960 734 2026 inte
749 1963 874 2026 mentes

389 2045 545 2111 ¹Flamma
560 2052 617 2110 tua
631 2044 739 2110 divite.

344 2130 373 2191 2.
399 2132 497 2195 Amor
512 2129 614 2210 putris
630 2127 750 2211 filiique

398 2214 461 2278 l‘ar
476 2213 641 2278 amborum
656 2218 690 2278 ct
704 2212 832 2294 utrique

398 2299 536 2379 Compar
550 2303 584 2362 et
597 2294 785 2363 consimilis:

398 2381 522 2447 cuncta
537 2381 651 2463 reples,
668 2387 784 2447 cuncta
797 2378 895 2460 foves,

399 2467 496 2531 Astra
510 2466 607 2545 ragis,
623 2463 745 2530 coelum
760 2480 880 2544 moves,

398 2550 593 2615 Permanens
608 2547 789 2614 immobilis.

343 2631 372 2694 9.
398 2633 520 2698 Lumen
535 2633 667 2710 clamm,
683 2632 788 2697 lumen
803 2630 943 2716 charum,

398 2717 601 2782 lntemarum
616 2716 821 2782 tenebrarum

398 2800 530 2882 Etiugas
546 2799 728 2881 caliginem:

397 2886 459 2952 Per
473 2891 505 2952 te
518 2884 629 2952 mundi
643 2889 720 2953 suut
732 2883 888 2967 mundati,

398 2970 447 3035 Tu
462 2975 628 3053 peccatum
642 2975 675 3036 et
688 2970 813 3053 peccati

398 3054 548 3121 Destruis
562 3053 754 3137 rubiginem.

342 3137 370 3198 4·
398 3140 574 3206 Veritatem
589 3143 698 3205 notam
712 3137 800 3221 iacis,

397 3224 441 3290 Et
454 3223 598 3290 ostendis
613 3224 696 3290 viam
711 3223 799 3308 pacis

397 3309 440 3374 Et
454 3307 516 3374 iter
530 3308 686 3374 iustitiae:

397 3393 626 3458 Perversorum
641 3393 740 3459 corda
753 3392 837 3458 vitas

398 3478 441 3542 Et
454 3475 611 3542 honorum
625 3475 722 3543 corda
736 3476 821 3542 ditas

397 3560 530 3626 Munere
545 3560 707 3626 scientiae.

342 3639 371 3702 5·
398 3645 443 3709 Te
458 3642 592 3710 docente
605 3644 649 3710 nil
665 3644 846 3721 obscurum,

398 3727 444 3793 Te
458 3733 627 3811 praesente
642 3727 688 3793 nil
701 3728 871 3810 impurum,

398 3813 465 3879 Sub
481 3815 538 3877 tna
552 3811 751 3894 praesentia:

399 3897 565 3963 Gloriatur
580 3913 669 3961 mens
683 3894 832 3975 iucunda,

398 3979 460 4045 Par
474 3987 507 4047 to
522 3981 617 4059 laeta,
633 3982 737 4061 perte
752 3977 872 4045 munda

398 4063 526 4130 Gaudet
540 4063 743 4130 conscientia.

343 4154 371 4215 6.
397 4148 446 4214 Tu
461 4153 638 4213 commutas
652 4147 821 4226 elementa,

397 4233 459 4297 Per
474 4238 507 4298 te
522 4251 612 4297 suam
628 4234 829 4298 sacramenta

397 4316 529 4383 Habent
543 4316 731 4382 efficaciam:

397 4400 446 4466 Tu
461 4402 605 4467 nocivam
621 4400 684 4466 vim
699 4418 734 4465 re
775 4399 836 4479 llis,

397 4483 446 4549 Tu
462 4483 606 4552 confutas
622 4490 656 4550 et
669 4483 736 4549 refe
749 4483 790 4550 lis

396 4568 548 4635 Hostium
562 4568 746 4651 nequitiam.

342 4659 371 4717 7.
397 4651 532 4729 Quando
546 4654 645 4732 venis,
661 4653 758 4718 corda
773 4652 864 4733 lenis,

398 4735 532 4815 Quando
548 4737 647 4819 subis,
664 4741 754 4802 atrae
768 4736 864 4803 nubis

1088 1623 1211 1706 Effugit
1224 1624 1422 1691 obscuritas:

1087 1708 1186 1775 Sacer
1197 1707 1292 1790 ignis,
1307 1714 1419 1790 pectus
1434 1706 1527 1790 iguis,

1087 1793 1158 1859 Non
1173 1791 1342 1870 comburis,
1357 1791 1415 1859 aed
1429 1811 1449 1857 a
1464 1792 1550 1858 curis

1087 1877 1219 1960 Purgas,
1234 1876 1362 1959 quando
1375 1876 1498 1942 visitas.

1038 1987 1068 2049 8.
1087 1980 1213 2046 Mentes
1228 1979 1318 2061 prius
1335 1977 1501 2059 imperitas

1086 2063 1130 2130 Et
1145 2063 1266 2146 sopitas
1281 2066 1314 2128 et
1328 2061 1445 2128 oblitas

1086 2146 1204 2213 Erudia
1218 2152 1252 2213 et
1265 2146 1401 2212 excitas:

1087 2231 1191 2298 Fores
1205 2229 1343 2311 linguas,
1357 2229 1477 2296 formas
1491 2247 1615 2310 sonum,

1088 2315 1150 2382 Gor
1165 2315 1208 2381 ad
1221 2313 1339 2381 honum
1354 2314 1432 2381 lacit
1446 2332 1581 2398 pronum

1087 2399 1117 2466 A
1130 2404 1164 2466 te
1178 2398 1256 2465 data
1269 2400 1397 2466 caritas.

1038 2506 1068 2569 9.
1087 2501 1114 2568 0
1129 2500 1278 2568 iuvamen
1293 2516 1528 2598 oppressorum,

1087 2585 1115 2652 0
1130 2585 1274 2652 solamen
1286 2601 1485 2650 mrserorum.

1086 2670 1268 2755 Pauperum
1282 2667 1455 2751 refugium:

1085 2754 1137 2820 Da
1150 2759 1369 2837 contemptum
1383 2757 1595 2831 terrenorum,

1086 2839 1136 2905 Ad
1151 2855 1291 2905 amorem
1307 2851 1517 2921 supernorum

1085 2922 1190 2991 Trahe
1205 2920 1415 2989 desiderium:

1085 3006 1174 3074 Pelle
1188 3006 1284 3087 mala,
1298 3012 1390 3088 terge
1404 3002 1517 3073 sordes

1086 3092 1129 3158 Et
1143 3090 1309 3157 discordes
1322 3090 1374 3157 fac
1386 3087 1558 3157 concordes

1086 3177 1129 3243 Et
1143 3174 1223 3242 affer
1235 3174 1444 3258 praesidium.

1020 3283 1067 3345 10.
1086 3277 1146 3357 Tu,
1162 3275 1217 3358 qui
1231 3276 1391 3358 qnondam
1405 3274 1550 3354 visitasti,

1086 3360 1243 3435 Docuisti‚
1258 3357 1448 3426 confortasti

1086 3446 1248 3511 Timentes
1264 3443 1454 3528 discipulos:

1087 3528 1225 3596 Visitare
1239 3545 1299 3594 nos
1313 3526 1467 3610 digneris,

1086 3614 1162 3695 Nos,
1177 3612 1205 3680 si
1220 3612 1338 3698 placet,
1351 3610 1526 3678 consoleris

1086 3699 1130 3765 Et
1143 3698 1310 3765 credentes
1325 3695 1470 3780 populos.

1018 3804 1066 3865 ll.
1086 3798 1149 3863 Par
1162 3798 1316 3864 maiestas
1330 3812 1548 3880 personamm,

1085 3882 1149 3948 Par
1163 3885 1308 3965 potestas
1323 3886 1375 3948 est
1391 3897 1502 3947 earum

1085 3966 1130 4032 Et
1143 3965 1319 4032 communis
1334 3964 1452 4031 deitas:

1085 4049 1134 4115 Tu
1148 4049 1324 4133 procedens
1339 4066 1360 4113 a
1374 4047 1510 4123 duobus,

1086 4135 1152 4200 Coa
1193 4133 1276 4199 ualis
1290 4151 1326 4199 es
1335 4133 1504 4212 ambobus,

1085 4220 1159 4285 Iun
1195 4218 1225 4284 lo
1241 4216 1424 4301 disparitas.

1019 4323 1067 4385 12.
1087 4317 1171 4397 Quia
1184 4322 1295 4385 tantus
1309 4336 1344 4384 ea
1360 4323 1394 4384 et
1408 4314 1494 4396 talis,

1085 4402 1232 4480 Quantus
1246 4409 1339 4485 pater
1353 4406 1405 4469 est
1419 4404 1453 4467 et
1465 4398 1582 4483 qualis,

1086 4487 1257 4554 Servorum
1271 4486 1436 4553 humilitas

1085 4570 1153 4638 Deo
1167 4571 1253 4654 patri
1266 4568 1395 4653 filioque

1084 4655 1301 4738 Redemptum,
1316 4655 1376 4723 tibi
1390 4669 1517 4737 quoque

1084 4738 1212 4804 Laudes
1226 4738 1343 4805 reddat
1355 4739 1492 4806 debitas.
1511 4735 1623 4801 Amen.

411 4834 508 4890 Text.
544 4836 677 4892 (llichtov.
704 4836 753 4904 lV,
784 4839 843 4892 179.
879 4835 981 4891 Daniel
1007 4836 1043 4904 ll,
1062 4840 1105 4892 79.
1132 4837 1181 4892 bat
1210 4837 1264 4891 deo
1289 4835 1361 4892 cht
1384 4837 1433 4893 das
1457 4835 1556 4893 cucur,
1575 4834 1645 4889 obnc

346 4907 568 4979 Qucllcncnpadc
586 4907 645 4963 aod
663 4907 697 4978 V,
718 4911 776 4964 198.
796 4908 842 4963 dic
859 4907 961 4963 Aduot
981 4907 1112 4965 Trenchii
1129 4926 1156 4980 p.
1177 4912 1236 4965 170.
1254 4910 1317 4965 999.
