3975 5800
878 549 1109 616 -als-

344 737 473 793 terionem
493 744 601 806 piantem
620 736 772 791 dominicae
789 736 937 806 passionis.
973 735 1079 791 Bulla
1098 735 1150 790 hoc
1168 734 1230 791 loco
1249 734 1274 791 si
1315 736 1322 749 '
1378 740 1439 790 tut
1457 749 1571 806 semper
1585 751 1614 807 sp

345 810 478 879 graplmm
499 809 540 863 rel
560 809 774 877 chirographum
793 809 868 862 cruci
886 808 1004 862 affixum.
1025 808 1130 863 Coloss.
1150 808 1187 874 ll,
1209 810 1250 861 14.
1314 822 1395 864 neus:
1415 808 1614 879 Chirograplrm

345 881 418 946 arciori
446 881 580 934 arlrersns
608 892 770 948 pec-rariores
798 887 859 945 est,
887 879 1008 933 cleletmn
1037 886 1064 932 et
1090 879 1163 932 cruci
1191 878 1343 933 dominicae
1371 878 1497 933 allisum:
1529 887 1558 933 et
1586 896 1614 935 cu

345 956 507 1005 Sanctorum
536 952 629 1019 paesi«,
661 969 692 1003 aa
723 952 800 1005 l’nuli
828 952 966 1004 scatentia
990 950 1191 1018 «parandammuclo
1212 950 1340 1019 suppleat
1364 952 1523 1019 passionem
1544 950 1614 1007 curn

345 1024 386 1075 rai
407 1024 466 1090 ipsc
485 1023 612 1077 Clniams
632 1024 756 1090 patimur
775 1024 803 1076 iu
823 1023 930 1077 Sanctis
949 1024 1016 1079 suis.
1043 1022 1127 1075 etiam
1155 1021 1245 1076 (lenum
1271 1030 1424 1091 martprum
1451 1020 1591 1077 frontibus

344 1095 384 1147 ira
402 1094 490 1148 clicmu
509 1095 629 1157 colligitur
647 1093 715 1148 illml
734 1094 973 1162 r·hirogruphurn.“
1011 1092 1120 1147 Daniel.

726 1362 796 1422 448.
841 1357 880 1421 In
904 1359 1061 1422 emerammi
1082 1363 1267 1438 crncrtprnm.

371 1498 395 1555 1.
417 1492 617 1557 laetalmmli
633 1493 813 1569 inbilcums,

418 1576 516 1641 lacta
531 1586 637 1642 rucrrtc
652 1577 847 1642 celebremus

416 1660 497 1725 llari
502 1680 592 1740 yrrrm
611 1661 769 1725 solermia:

415 1747 475 1818 lini
492 1747 522 1809 iu
540 1747 656 1809 nnrrnln
673 1748 852 1815 rrrrrricntes,

415 1829 477 1892 Seri
495 1831 524 1892 in
542 1829 669 1893 (liciata
684 1836 886 1894 renascentes

417 1913 492 1977 llius
509 1914 617 1977 vivunt
633 1914 745 1993 gratia

366 2048 395 2105 2.
416 2041 513 2104 Curius
525 2045 624 2104 testes
637 2040 819 2113 extiterunt,

417 2124 499 2187 imm
514 2123 674 2188 mundana
691 2128 892 2203 respuerunt,

415 2208 602 2282 ercrercnclo
619 2207 784 2271 cnclcstia:

415 2289 514 2368 anm
531 2291 572 2355 acl
588 2299 720 2355 rrnmtcm
738 2291 916 2355 dilexerunt

414 2375 575 2438 Christum
592 2376 681 2455 sequi
699 2374 866 2438 voluerunt

413 2458 476 2521 Per
491 2459 603 2522 rnortis
622 2458 817 2539 conrpemlia.

366 2587 394 2643 3.
416 2582 548 2646 Crucem
566 2582 624 2646 sibi
643 2582 832 2661 baiulantes,

415 2665 491 2730 Sola
507 2683 599 2730 (errice
615 2666 797 2745 gloriantes,

414 2750 533 2813 Amlita
550 2750 718 2825 sententia,

415 2834 521 2915 Siquis
537 2838 608 2917 post
623 2852 673 2897 me
689 2833 758 2897 vult
773 2833 887 2916 venire,

416 2917 522 2982 Tollat
537 2935 672 2997 erucem,
688 2918 715 2984 si
730 2919 834 2985 redire

418 3002 494 3067 Vult
508 3002 549 3065 ad
565 3001 644 3066 coeli
658 3003 786 3083 gaudia.

364 3133 394 3192 4.
414 3125 466 3191 Sic
482 3146 538 3210 por
552 3127 670 3193 multas
686 3130 852 3209 passiones

413 3211 464 3275 Ad
479 3217 627 3277 aeternas
645 3213 826 3277 mansiones

412 3294 549 3361 Gloriosi
566 3313 712 3376 proceres

412 3379 632 3459 Fostinabant,
648 3379 703 3444 sed
719 3380 751 3444 in
767 3381 819 3444 via

414 3463 544 3543 Experti
562 3471 637 3528 srrnt
652 3463 799 3543 ludibria,

412 3545 548 3612 Vincula
563 3552 596 3611 ct
610 3564 764 3612 carceres.

365 3675 392 3734 5.
412 3671 591 3752 Flagellati,
608 3672 752 3753 lapidati,

413 3755 456 3818 Et
471 3774 527 3836 per
542 3755 643 3820 multa
659 3756 790 3820 cruciati

413 3838 656 3903 'immentorum
672 3857 800 3919 genera,

413 3921 593 3988 Torcularia
608 3922 641 3986 in
657 3940 806 4004 pressura

411 4005 497 4070 l'aex
513 4007 670 4081 deorsum,
690 4005 744 4071 seu
760 4007 807 4071 vis
824 4024 903 4088 pura

328 4124 332 4132 ·
412 4089 556 4155 Manavit
570 4090 610 4155 ad
627 4106 752 4172 supera.

1040 1498 1068 1556 6.
1091 1490 1152 1557 Ubi
1167 1498 1276 1556 manet
1291 1490 1455 1556 aeternale

1088 1575 1179 1651 Quod
1195 1575 1245 1639 hic
1260 1574 1318 1640 fuit
1334 1574 1511 1656 temporale

1088 1658 1191 1724 Carne
1205 1663 1325 1724 tactum
1340 1659 1482 1724 lubrica:

1089 1745 1137 1809 lbi
1153 1749 1289 1823 regnant
1303 1742 1477 1821 sublimati,

1089 1826 1161 1892 Una
1178 1829 1262 1892 stola
1276 1826 1426 1905 decorati,

1087 1912 1198 1977 Securi
1214 1911 1253 1976 clc
1269 1911 1401 1991 reliqua.

1040 1999 1067 2057 i.
1087 1996 1148 2061 Hic
1163 1995 1191 2059 N
1195 2046 1211 2075 .,
1228 1996 1352 2076 Martyr
1367 1994 1498 2073 Christi,

1088 2080 1241 2144 Laureari
1259 2079 1401 2143 menristi

1088 2163 1183 2228 Claro
1200 2162 1397 2227 diademate:

1089 2247 1184 2311 Certa
1198 2245 1307 2311 fruens
1321 2246 1443 2311 visione

1089 2330 1182 2408 Quod
1197 2329 1365 2412 palpamus
1380 2328 1506 2394 ratione

1089 2416 1179 2480 Sicut
1193 2413 1224 2477 in
1241 2415 1430 2493 aenigmate.

1039 2498 1068 2559 8.
1089 2497 1254 2563 Unitatem
1270 2497 1439 2561 Trinitatis

1088 2582 1277 2647 Trinitatem
1291 2579 1443 2655 Unitatis,

1087 2666 1179 2741 Quod
1194 2671 1245 2730 est
1262 2663 1435 2730 ineffabile:

1088 2750 1171 2815 lllud
1189 2767 1338 2831 magnum
1359 2750 1598 2824 sacramentum,

1086 2834 1136 2898 Ad
1151 2835 1237 2916 quod
1252 2834 1376 2898 nullum
1390 2836 1609 2913 argumentum

1085 2918 1250 2984 Habemus
1265 2916 1447 3000 probabile;

1038 2996 1067 3061 9.
1086 3002 1257 3068 Manifeste
1273 2999 1511 3082 contemplaris,

1088 3085 1339 3169 Contemplando
1355 3082 1489 3150 sociaris

1086 3171 1218 3236 Interna
1233 3169 1418 3247 (laicalium

1086 3253 1157 3330 Qua
1171 3253 1308 3320 reiectus
1322 3254 1443 3318 esurire

1085 3338 1200 3403 Nullus
1216 3342 1331 3419 potest,
1347 3354 1405 3401 nec
1420 3335 1511 3400 sitire

1085 3421 1188 3486 Tanto
1204 3421 1312 3486 fruens
1327 3421 1455 3485 lumino.

1018 3506 1065 3567 10.
1087 3505 1267 3571 Oconcivis
1285 3505 1491 3584 Angelorum,

1086 3588 1135 3653 Ad
1150 3608 1291 3671 superna
1304 3606 1363 3652 nos
1378 3587 1523 3669 polorum

1084 3673 1148 3738 Fac
1164 3681 1219 3737 tuo
1236 3671 1417 3755 precamine

1084 3757 1162 3821 Post
1177 3757 1258 3822 hanc
1272 3758 1371 3821 vitam
1386 3754 1558 3832 sublevari,

1084 3842 1172 3917 Quos
1187 3841 1238 3906 hic
1253 3842 1355 3905 cernis
1370 3836 1542 3920 aggravari

1085 3923 1273 3991 Multiiormi
1291 3924 1441 3988 crimine:

1087 4008 1202 4073 Pascat
1217 4009 1287 4083 iste,
1304 4015 1337 4073 et
1352 4014 1397 4084 tu,
1414 4006 1552 4082 Christe,

1083 4091 1256 4174 Largiana,
1271 4092 1416 4156 Domine.
1445 4092 1557 4154 Amen.

413 4213 437 4252 a.
459 4197 553 4253 Text.
591 4200 677 4255 Neela
695 4217 721 4269 p.
741 4203 802 4254 222.
831 4214 864 4254 ex
891 4200 969 4255 Miss.
997 4201 1169 4257 xantonensi
1190 4205 1256 4255 1491
1286 4201 1339 4270 (Α),
1358 4197 1553 4267 nnuegavemi
1572 4198 1614 4252 151

341 4269 384 4338 (Β)
404 4277 432 4324 et
451 4270 618 4326 Pictaviensi
639 4275 706 4325 1524
726 4273 776 4341 (C).
805 4301 839 4311 -
866 4271 943 4327 Mina.
962 4270 1042 4328 fratr.
1062 4272 1151 4326 Paris.
1172 4276 1241 4327 1520
1260 4273 1314 4341 (ll).
1344 4302 1377 4311 -
1406 4269 1614 4336 nantelmo

341 4341 391 4393 lant
410 4342 461 4394 oleru
480 4341 550 4397 Tcat
569 4360 621 4397 orca
640 4343 736 4411 Neela,
756 4344 823 4396 aber
841 4358 896 4396 nur
915 4343 959 4396 clio
979 4346 995 4397 6
1015 4349 1107 4399 ersten
1124 4342 1271 4413 Stroplrcn.

413 4429 438 4482 b.
457 4427 641 4483 Lecarten.
661 4434 686 4498 2,
706 4434 730 4485 5.
751 4431 845 4499 Ipsum
864 4430 1053 4485 smaluerunt
1071 4430 1103 4484 b.
1124 4431 1506 4499 QuiadmortemsequeAC,
1523 4425 1614 4483 rianio

342 4529 376 4539 -
396 4503 421 4565 4,
441 4505 465 4553 2.
485 4501 528 4555 Ad
548 4518 683 4571 supernas
702 4503 755 4557 Bc.
775 4532 809 4541 -
827 4505 852 4568 5,
872 4505 897 4556 4.
915 4502 1087 4572 impressere
1105 4503 1135 4556 B.
1147 4506 1217 4568 -5,
1237 4507 1261 4557 5.
1281 4504 1328 4556 nix
1347 4517 1418 4570 pura
1436 4502 1551 4565 D.-6,
1571 4502 1614 4552 1-

336 4571 431 4637 selden
450 4572 482 4624 in
500 4573 533 4626 A.
564 4603 595 4613 -
623 4576 648 4640 6,
667 4578 692 4627 4.
713 4572 767 4628 Ubi
786 4581 899 4627 manent
918 4591 939 4629 s.
958 4574 992 4628 D.
1022 4604 1054 4613 -
1083 4575 1137 4628 cf.
1152 4575 1248 4642 seblcn
1268 4576 1297 4626 in
1324 4574 1409 4629 ABD.
1445 4572 1482 4625 In
1501 4570 1549 4626 AB
1568 4568 1614 4624 atel

336 4641 485 4765 solpender
504 4643 631 4699 Sclrlrtee:
658 4646 779 4702 Poscant
805 4645 852 4699 isti
871 4651 902 4699 ut
920 4660 970 4700 nos
989 4645 1093 4700 Christi
1112 4646 1273 4701 Sanctorum
1292 4645 1320 4699 in
1340 4646 1449 4714 agmine
1468 4643 1614 4699 collocem

341 4719 369 4766 et
398 4721 522 4768 aeternur
540 4714 572 4770 ln
591 4724 743 4787 aeternum,
765 4716 890 4773 Domine.
