<?xml version="1.0" encoding="UTF-8"?>
<!DOCTYPE html PUBLIC "-//W3C//DTD XHTML 1.0 Transitional//EN"
    "http://www.w3.org/TR/xhtml1/DTD/xhtml1-transitional.dtd">
<html xmlns="http://www.w3.org/1999/xhtml" xml:lang="en" lang="en">
 <head>
  <title>
</title>
<meta http-equiv="Content-Type" content="text/html;charset=utf-8" />
  <meta name='ocr-system' content='tesseract 3.04.00' />
  <meta name='ocr-capabilities' content='ocr_page ocr_carea ocr_par ocr_line ocrx_word'/>
</head>
<body>
  <div class='ocr_page' id='page_1' title='image "./lateinischesequ00kehrgoog_0105.png"; bbox 0 0 3975 5800; ppageno 0'>
   <div class='ocr_carea' id='block_1_1' title="bbox 869 639 1077 703">
    <p class='ocr_par' dir='ltr' id='par_1_1' title="bbox 869 639 1077 703">
     <span class='ocr_line' id='line_1_1' title="bbox 869 639 1077 703; baseline -0.01 -20"><span class='ocrx_word' id='word_1_1' title='bbox 869 639 1077 703; x_wconf 63' lang='lat' dir='ltr'>mgg..</span> 
     </span>
    </p>
   </div>
   <div class='ocr_carea' id='block_1_2' title="bbox 708 818 1243 1004">
    <p class='ocr_par' dir='ltr' id='par_1_2' title="bbox 708 818 1243 1004">
     <span class='ocr_line' id='line_1_2' title="bbox 751 818 1198 903; baseline -0.009 -17"><span class='ocrx_word' id='word_1_2' title='bbox 751 825 802 886; x_wconf 88' lang='grc'>89.</span> <span class='ocrx_word' id='word_1_3' title='bbox 844 821 1011 903; x_wconf 70' lang='lat' dir='ltr'>Sequente</span> <span class='ocrx_word' id='word_1_4' title='bbox 1026 818 1198 900; x_wconf 72' lang='lat' dir='ltr'>paschalia</span> 
     </span>
     <span class='ocr_line' id='line_1_3' title="bbox 708 934 1243 1004; baseline -0.009 -13"><span class='ocrx_word' id='word_1_5' title='bbox 708 937 825 1004; x_wconf 83' lang='lat' dir='ltr'><strong>(Auctor</strong></span> <span class='ocrx_word' id='word_1_6' title='bbox 843 944 886 993; x_wconf 86' lang='lat' dir='ltr'>est</span> <span class='ocrx_word' id='word_1_7' title='bbox 903 936 991 992; x_wconf 80' lang='lat' dir='ltr'>Adam</span> <span class='ocrx_word' id='word_1_8' title='bbox 1011 936 1045 992; x_wconf 91' lang='lat' dir='ltr'>de</span> <span class='ocrx_word' id='word_1_9' title='bbox 1065 937 1092 990; x_wconf 78' lang='lat' dir='ltr'>S.</span> <span class='ocrx_word' id='word_1_10' title='bbox 1110 934 1243 1002; x_wconf 76' lang='lat' dir='ltr'>Victore.)</span> 
     </span>
    </p>
   </div>
   <div class='ocr_carea' id='block_1_3' title="bbox 349 1034 1610 2720">
    <p class='ocr_par' dir='ltr' id='par_1_3' title="bbox 351 1034 1544 1372">
     <span class='ocr_line' id='line_1_4' title="bbox 351 1034 1476 1120; baseline -0.004 -13"><span class='ocrx_word' id='word_1_11' title='bbox 351 1051 376 1108; x_wconf 93' lang='lat' dir='ltr'>l.</span> <span class='ocrx_word' id='word_1_12' title='bbox 400 1043 470 1107; x_wconf 83' lang='lat' dir='ltr'>Lux</span> <span class='ocrx_word' id='word_1_13' title='bbox 484 1038 589 1105; x_wconf 86' lang='lat' dir='ltr'>illuxit</span> <span class='ocrx_word' id='word_1_14' title='bbox 604 1039 768 1118; x_wconf 78' lang='lat' dir='ltr'>dominica,</span> <span class='ocrx_word' id='word_1_15' title='bbox 1021 1045 1050 1106; x_wconf 87' lang='grc'>6.</span> <span class='ocrx_word' id='word_1_16' title='bbox 1073 1039 1141 1103; x_wconf 89' lang='lat' dir='ltr'>lam</span> <span class='ocrx_word' id='word_1_17' title='bbox 1156 1039 1255 1103; x_wconf 86' lang='lat' dir='ltr'>scisso</span> <span class='ocrx_word' id='word_1_18' title='bbox 1271 1034 1341 1102; x_wconf 89' lang='lat' dir='ltr'>velo</span> <span class='ocrx_word' id='word_1_19' title='bbox 1360 1037 1476 1120; x_wconf 84' lang='lat' dir='ltr'>patuit,</span> 
     </span>
     <span class='ocr_line' id='line_1_5' title="bbox 400 1120 1544 1205; baseline -0.003 -13"><span class='ocrx_word' id='word_1_20' title='bbox 400 1127 468 1191; x_wconf 87' lang='lat' dir='ltr'>Lux</span> <span class='ocrx_word' id='word_1_21' title='bbox 484 1124 627 1205; x_wconf 85' lang='lat' dir='ltr'>insignis,</span> <span class='ocrx_word' id='word_1_22' title='bbox 644 1125 696 1189; x_wconf 86' lang='lat' dir='ltr'>lux</span> <span class='ocrx_word' id='word_1_23' title='bbox 711 1126 814 1204; x_wconf 78' lang='lat' dir='ltr'>runica,</span> <span class='ocrx_word' id='word_1_24' title='bbox 1073 1121 1165 1200; x_wconf 84' lang='lat' dir='ltr'>Quod</span> <span class='ocrx_word' id='word_1_25' title='bbox 1181 1126 1273 1187; x_wconf 86' lang='lat' dir='ltr'>vetus</span> <span class='ocrx_word' id='word_1_26' title='bbox 1286 1120 1337 1186; x_wconf 82' lang='lat' dir='ltr'>lex</span> <span class='ocrx_word' id='word_1_27' title='bbox 1354 1122 1544 1202; x_wconf 84' lang='lat' dir='ltr'>praecinuit,</span> 
     </span>
     <span class='ocr_line' id='line_1_6' title="bbox 401 1206 1513 1288; baseline -0.003 -13"><span class='ocrx_word' id='word_1_28' title='bbox 401 1210 469 1275; x_wconf 86' lang='lat' dir='ltr'>Lux</span> <span class='ocrx_word' id='word_1_29' title='bbox 486 1208 565 1273; x_wconf 87' lang='lat' dir='ltr'>lucis</span> <span class='ocrx_word' id='word_1_30' title='bbox 582 1212 614 1273; x_wconf 88' lang='lat' dir='ltr'>et</span> <span class='ocrx_word' id='word_1_31' title='bbox 629 1208 781 1286; x_wconf 89' lang='lat' dir='ltr'>laetitiae,</span> <span class='ocrx_word' id='word_1_32' title='bbox 1073 1207 1227 1288; x_wconf 80' lang='lat' dir='ltr'>Figuram</span> <span class='ocrx_word' id='word_1_33' title='bbox 1242 1224 1295 1270; x_wconf 89' lang='lat' dir='ltr'>res</span> <span class='ocrx_word' id='word_1_34' title='bbox 1311 1206 1513 1286; x_wconf 78' lang='lat' dir='ltr'>exterminat,</span> 
     </span>
     <span class='ocr_line' id='line_1_7' title="bbox 399 1289 1532 1372; baseline -0.004 -14"><span class='ocrx_word' id='word_1_35' title='bbox 399 1293 468 1358; x_wconf 83' lang='lat' dir='ltr'>Lux</span> <span class='ocrx_word' id='word_1_36' title='bbox 479 1293 670 1358; x_wconf 88' lang='lat' dir='ltr'>immortalis</span> <span class='ocrx_word' id='word_1_37' title='bbox 686 1294 817 1372; x_wconf 87' lang='lat' dir='ltr'>gloriae.</span> <span class='ocrx_word' id='word_1_38' title='bbox 1075 1293 1117 1356; x_wconf 78' lang='lat' dir='ltr'>nt</span> <span class='ocrx_word' id='word_1_39' title='bbox 1132 1289 1277 1355; x_wconf 89' lang='lat' dir='ltr'>umbram</span> <span class='ocrx_word' id='word_1_40' title='bbox 1292 1290 1346 1353; x_wconf 82' lang='lat' dir='ltr'>lux</span> <span class='ocrx_word' id='word_1_41' title='bbox 1362 1290 1532 1357; x_wconf 91' lang='lat' dir='ltr'>illuminat.</span> 
     </span>
    </p>

    <p class='ocr_par' dir='ltr' id='par_1_4' title="bbox 349 1373 1539 1710">
     <span class='ocr_line' id='line_1_8' title="bbox 349 1373 1508 1454; baseline -0.002 -11"><span class='ocrx_word' id='word_1_42' title='bbox 349 1384 377 1443; x_wconf 86' lang='lat'>2.</span> <span class='ocrx_word' id='word_1_43' title='bbox 402 1378 493 1442; x_wconf 85' lang='lat' dir='ltr'>Diem</span> <span class='ocrx_word' id='word_1_44' title='bbox 508 1375 618 1441; x_wconf 90' lang='lat' dir='ltr'>mundi</span> <span class='ocrx_word' id='word_1_45' title='bbox 635 1377 775 1442; x_wconf 89' lang='lat' dir='ltr'>conditio</span> <span class='ocrx_word' id='word_1_46' title='bbox 1022 1380 1051 1442; x_wconf 79' lang='lat'>7.</span> <span class='ocrx_word' id='word_1_47' title='bbox 1074 1374 1158 1453; x_wconf 82' lang='lat' dir='ltr'>Quid</span> <span class='ocrx_word' id='word_1_48' title='bbox 1174 1391 1277 1454; x_wconf 85' lang='lat' dir='ltr'>agnus</span> <span class='ocrx_word' id='word_1_49' title='bbox 1291 1373 1359 1439; x_wconf 91' lang='lat' dir='ltr'>siue</span> <span class='ocrx_word' id='word_1_50' title='bbox 1372 1375 1508 1454; x_wconf 89' lang='lat' dir='ltr'>macula,</span> 
     </span>
     <span class='ocr_line' id='line_1_9' title="bbox 402 1457 1539 1542; baseline -0.001 -16"><span class='ocrx_word' id='word_1_51' title='bbox 402 1459 609 1526; x_wconf 79' lang='lat' dir='ltr'><strong>Commendat</strong></span> <span class='ocrx_word' id='word_1_52' title='bbox 624 1459 663 1525; x_wconf 88' lang='lat' dir='ltr'>ab</span> <span class='ocrx_word' id='word_1_53' title='bbox 679 1462 780 1540; x_wconf 88' lang='lat' dir='ltr'>initio,</span> <span class='ocrx_word' id='word_1_54' title='bbox 1074 1457 1158 1536; x_wconf 85' lang='lat' dir='ltr'>Quid</span> <span class='ocrx_word' id='word_1_55' title='bbox 1172 1457 1295 1525; x_wconf 87' lang='lat' dir='ltr'>hoedus</span> <span class='ocrx_word' id='word_1_56' title='bbox 1309 1458 1377 1540; x_wconf 86' lang='lat' dir='ltr'><strong>typi</strong></span> <span class='ocrx_word' id='word_1_57' title='bbox 1392 1459 1539 1542; x_wconf 77' lang='lat' dir='ltr'>gesserit,</span> 
     </span>
     <span class='ocr_line' id='line_1_10' title="bbox 402 1541 1494 1626; baseline 0 -17"><span class='ocrx_word' id='word_1_58' title='bbox 402 1543 505 1622; x_wconf 83' lang='lat' dir='ltr'>Quam</span> <span class='ocrx_word' id='word_1_59' title='bbox 521 1543 639 1610; x_wconf 86' lang='lat' dir='ltr'>Christi</span> <span class='ocrx_word' id='word_1_60' title='bbox 655 1542 846 1610; x_wconf 89' lang='lat' dir='ltr'>resurrectio</span> <span class='ocrx_word' id='word_1_61' title='bbox 1073 1541 1193 1609; x_wconf 88' lang='lat' dir='ltr'>Nostra</span> <span class='ocrx_word' id='word_1_62' title='bbox 1208 1559 1350 1626; x_wconf 86' lang='lat' dir='ltr'>purgans</span> <span class='ocrx_word' id='word_1_63' title='bbox 1366 1543 1494 1626; x_wconf 88' lang='lat' dir='ltr'>piacula</span> 
     </span>
     <span class='ocr_line' id='line_1_11' title="bbox 403 1626 1444 1710; baseline 0 -18"><span class='ocrx_word' id='word_1_64' title='bbox 403 1628 717 1710; x_wconf 82' lang='lat' dir='ltr'>Dituvitprivilegio.</span> <span class='ocrx_word' id='word_1_65' title='bbox 1075 1626 1208 1692; x_wconf 80' lang='lat' dir='ltr'>Messias</span> <span class='ocrx_word' id='word_1_66' title='bbox 1222 1628 1315 1693; x_wconf 88' lang='lat' dir='ltr'>nobis</span> <span class='ocrx_word' id='word_1_67' title='bbox 1330 1628 1444 1708; x_wconf 87' lang='lat' dir='ltr'>aperit.</span> 
     </span>
    </p>

    <p class='ocr_par' dir='ltr' id='par_1_5' title="bbox 353 1711 1551 2047">
     <span class='ocr_line' id='line_1_12' title="bbox 353 1711 1551 1794; baseline -0.001 -17"><span class='ocrx_word' id='word_1_68' title='bbox 353 1717 382 1777; x_wconf 86' lang='lat'>3.</span> <span class='ocrx_word' id='word_1_69' title='bbox 404 1714 442 1777; x_wconf 91' lang='lat' dir='ltr'>lu</span> <span class='ocrx_word' id='word_1_70' title='bbox 458 1731 514 1794; x_wconf 87' lang='lat' dir='ltr'>spe</span> <span class='ocrx_word' id='word_1_71' title='bbox 528 1714 676 1793; x_wconf 88' lang='lat' dir='ltr'>perennis</span> <span class='ocrx_word' id='word_1_72' title='bbox 692 1711 801 1792; x_wconf 87' lang='lat' dir='ltr'>gaudii</span> <span class='ocrx_word' id='word_1_73' title='bbox 1023 1717 1052 1776; x_wconf 86' lang='lat'>8.</span> <span class='ocrx_word' id='word_1_74' title='bbox 1074 1711 1136 1775; x_wconf 89' lang='lat' dir='ltr'>Per</span> <span class='ocrx_word' id='word_1_75' title='bbox 1151 1716 1286 1776; x_wconf 90' lang='lat' dir='ltr'>mortem</span> <span class='ocrx_word' id='word_1_76' title='bbox 1300 1728 1359 1775; x_wconf 89' lang='lat' dir='ltr'>nos</span> <span class='ocrx_word' id='word_1_77' title='bbox 1374 1711 1551 1778; x_wconf 88' lang='lat' dir='ltr'>indebitam</span> 
     </span>
     <span class='ocr_line' id='line_1_13' title="bbox 402 1794 1466 1876; baseline -0.001 -15"><span class='ocrx_word' id='word_1_78' title='bbox 402 1797 498 1861; x_wconf 89' lang='lat' dir='ltr'>Lucis</span> <span class='ocrx_word' id='word_1_79' title='bbox 513 1796 658 1861; x_wconf 78' lang='lat' dir='ltr'>exultent</span> <span class='ocrx_word' id='word_1_80' title='bbox 671 1795 739 1876; x_wconf 89' lang='lat' dir='ltr'>filii,</span> <span class='ocrx_word' id='word_1_81' title='bbox 1078 1794 1466 1874; x_wconf 86' lang='lat' dir='ltr'>Solvitamortedebita,</span> 
     </span>
     <span class='ocr_line' id='line_1_14' title="bbox 403 1878 1540 1962; baseline -0.003 -17"><span class='ocrx_word' id='word_1_82' title='bbox 403 1880 581 1945; x_wconf 81' lang='lat' dir='ltr'>vendicent</span> <span class='ocrx_word' id='word_1_83' title='bbox 595 1879 736 1946; x_wconf 89' lang='lat' dir='ltr'>membra</span> <span class='ocrx_word' id='word_1_84' title='bbox 751 1881 874 1946; x_wconf 90' lang='lat' dir='ltr'>meritis</span> <span class='ocrx_word' id='word_1_85' title='bbox 1075 1878 1232 1945; x_wconf 84' lang='lat' dir='ltr'>Praedam</span> <span class='ocrx_word' id='word_1_86' title='bbox 1247 1883 1381 1962; x_wconf 88' lang='lat' dir='ltr'>captans</span> <span class='ocrx_word' id='word_1_87' title='bbox 1394 1879 1540 1945; x_wconf 83' lang='lat' dir='ltr'>illicitam</span> 
     </span>
     <span class='ocr_line' id='line_1_15' title="bbox 403 1962 1480 2047; baseline -0.003 -17"><span class='ocrx_word' id='word_1_88' title='bbox 403 1964 792 2047; x_wconf 85' lang='lat' dir='ltr'>Confiruritatemcapitis.</span> <span class='ocrx_word' id='word_1_89' title='bbox 1076 1962 1202 2029; x_wconf 89' lang='lat' dir='ltr'>Praeda</span> <span class='ocrx_word' id='word_1_90' title='bbox 1215 1963 1363 2045; x_wconf 87' lang='lat' dir='ltr'>privatur</span> <span class='ocrx_word' id='word_1_91' title='bbox 1380 1964 1480 2029; x_wconf 88' lang='lat' dir='ltr'>licita.</span> 
     </span>
    </p>

    <p class='ocr_par' dir='ltr' id='par_1_6' title="bbox 351 2045 1491 2384">
     <span class='ocr_line' id='line_1_16' title="bbox 351 2045 1491 2131; baseline 0.001 -18"><span class='ocrx_word' id='word_1_92' title='bbox 351 2055 381 2113; x_wconf 82' lang='lat'>4.</span> <span class='ocrx_word' id='word_1_93' title='bbox 405 2047 551 2115; x_wconf 79' lang='lat' dir='ltr'>Solensis</span> <span class='ocrx_word' id='word_1_94' title='bbox 567 2055 616 2114; x_wconf 88' lang='lat' dir='ltr'>est</span> <span class='ocrx_word' id='word_1_95' title='bbox 635 2049 817 2124; x_wconf 84' lang='lat' dir='ltr'>celebritas,</span> <span class='ocrx_word' id='word_1_96' title='bbox 1026 2049 1056 2112; x_wconf 84' lang='lat'>9.</span> <span class='ocrx_word' id='word_1_97' title='bbox 1079 2045 1201 2112; x_wconf 85' lang='lat' dir='ltr'>Carmis</span> <span class='ocrx_word' id='word_1_98' title='bbox 1215 2045 1302 2113; x_wconf 89' lang='lat' dir='ltr'>delet</span> <span class='ocrx_word' id='word_1_99' title='bbox 1316 2049 1491 2131; x_wconf 87' lang='lat' dir='ltr'>opprobria</span> 
     </span>
     <span class='ocr_line' id='line_1_17' title="bbox 406 2130 1430 2213; baseline 0 -16"><span class='ocrx_word' id='word_1_100' title='bbox 406 2133 448 2198; x_wconf 87' lang='lat' dir='ltr'>Et</span> <span class='ocrx_word' id='word_1_101' title='bbox 463 2137 537 2198; x_wconf 85' lang='lat' dir='ltr'>vota</span> <span class='ocrx_word' id='word_1_102' title='bbox 552 2140 626 2198; x_wconf 90' lang='lat' dir='ltr'>sunt</span> <span class='ocrx_word' id='word_1_103' title='bbox 642 2134 794 2213; x_wconf 85' lang='lat' dir='ltr'>solennia,</span> <span class='ocrx_word' id='word_1_104' title='bbox 843 2139 846 2146; x_wconf 90' lang='lat'>&#39;</span> <span class='ocrx_word' id='word_1_105' title='bbox 1079 2130 1430 2213; x_wconf 83' lang='lat' dir='ltr'>Caropcccatiuescia,</span> 
     </span>
     <span class='ocr_line' id='line_1_18' title="bbox 405 2213 1415 2300; baseline 0.001 -19"><span class='ocrx_word' id='word_1_106' title='bbox 405 2217 530 2282; x_wconf 89' lang='lat' dir='ltr'>Primae</span> <span class='ocrx_word' id='word_1_107' title='bbox 545 2217 609 2282; x_wconf 93' lang='lat' dir='ltr'>diei</span> <span class='ocrx_word' id='word_1_108' title='bbox 626 2217 767 2300; x_wconf 84' lang='lat' dir='ltr'>dignitas</span> <span class='ocrx_word' id='word_1_109' title='bbox 1078 2215 1137 2280; x_wconf 91' lang='lat' dir='ltr'>Die</span> <span class='ocrx_word' id='word_1_110' title='bbox 1151 2213 1303 2280; x_wconf 88' lang='lat' dir='ltr'>reflorens</span> <span class='ocrx_word' id='word_1_111' title='bbox 1316 2216 1415 2282; x_wconf 85' lang='lat' dir='ltr'>tertia</span> 
     </span>
     <span class='ocr_line' id='line_1_19' title="bbox 406 2296 1489 2384; baseline 0 -21"><span class='ocrx_word' id='word_1_112' title='bbox 406 2300 515 2366; x_wconf 92' lang='lat' dir='ltr'>Prima</span> <span class='ocrx_word' id='word_1_113' title='bbox 529 2301 662 2381; x_wconf 88' lang='lat' dir='ltr'>requirit</span> <span class='ocrx_word' id='word_1_114' title='bbox 680 2301 808 2384; x_wconf 91' lang='lat' dir='ltr'>gaudia.</span> <span class='ocrx_word' id='word_1_115' title='bbox 1078 2298 1184 2364; x_wconf 81' lang='lat' dir='ltr'>Corda</span> <span class='ocrx_word' id='word_1_116' title='bbox 1199 2296 1365 2366; x_wconf 88' lang='lat' dir='ltr'>coufirmat</span> <span class='ocrx_word' id='word_1_117' title='bbox 1381 2298 1489 2366; x_wconf 91' lang='lat' dir='ltr'>dubia.</span> 
     </span>
    </p>

    <p class='ocr_par' dir='ltr' id='par_1_7' title="bbox 355 2381 1610 2720">
     <span class='ocr_line' id='line_1_20' title="bbox 355 2381 1501 2466; baseline 0.003 -19"><span class='ocrx_word' id='word_1_118' title='bbox 355 2390 383 2447; x_wconf 82' lang='lat'>5.</span> <span class='ocrx_word' id='word_1_119' title='bbox 406 2382 640 2450; x_wconf 88' lang='lat' dir='ltr'>Solenuitatum</span> <span class='ocrx_word' id='word_1_120' title='bbox 656 2385 760 2466; x_wconf 87' lang='lat' dir='ltr'>gloria</span> <span class='ocrx_word' id='word_1_121' title='bbox 1008 2387 1056 2448; x_wconf 89' lang='lat'>10.</span> <span class='ocrx_word' id='word_1_122' title='bbox 1079 2381 1207 2448; x_wconf 93' lang='lat' dir='ltr'>Omors</span> <span class='ocrx_word' id='word_1_123' title='bbox 1222 2381 1342 2450; x_wconf 82' lang='lat' dir='ltr'>Christi</span> <span class='ocrx_word' id='word_1_124' title='bbox 1357 2382 1501 2466; x_wconf 78' lang='lat' dir='ltr'>mirifica,</span> 
     </span>
     <span class='ocr_line' id='line_1_21' title="bbox 407 2465 1488 2547; baseline 0.003 -15"><span class='ocrx_word' id='word_1_125' title='bbox 407 2468 792 2547; x_wconf 88' lang='lat' dir='ltr'>Paschalisestvietoria,</span> <span class='ocrx_word' id='word_1_126' title='bbox 1079 2465 1488 2547; x_wconf 77' lang='lat' dir='ltr'>TuChristonosvivifiea,</span> 
     </span>
     <span class='ocr_line' id='line_1_22' title="bbox 407 2551 1508 2635; baseline 0 -18"><span class='ocrx_word' id='word_1_127' title='bbox 407 2551 472 2617; x_wconf 88' lang='lat' dir='ltr'>Sub</span> <span class='ocrx_word' id='word_1_128' title='bbox 487 2551 597 2618; x_wconf 87' lang='lat' dir='ltr'>multis</span> <span class='ocrx_word' id='word_1_129' title='bbox 612 2552 845 2635; x_wconf 86' lang='lat' dir='ltr'>aenigmatibus</span> <span class='ocrx_word' id='word_1_130' title='bbox 1078 2551 1167 2618; x_wconf 88' lang='lat' dir='ltr'>Mors</span> <span class='ocrx_word' id='word_1_131' title='bbox 1182 2552 1279 2617; x_wconf 91' lang='lat' dir='ltr'>morti</span> <span class='ocrx_word' id='word_1_132' title='bbox 1293 2570 1356 2619; x_wconf 93' lang='lat' dir='ltr'>nou</span> <span class='ocrx_word' id='word_1_133' title='bbox 1371 2551 1508 2619; x_wconf 82' lang='lat' dir='ltr'>obnoxia</span> 
     </span>
     <span class='ocr_line' id='line_1_23' title="bbox 408 2634 1610 2720; baseline -0.001 -19"><span class='ocrx_word' id='word_1_134' title='bbox 408 2636 502 2701; x_wconf 91' lang='lat' dir='ltr'>Prius</span> <span class='ocrx_word' id='word_1_135' title='bbox 518 2636 672 2720; x_wconf 84' lang='lat' dir='ltr'>promissa</span> <span class='ocrx_word' id='word_1_136' title='bbox 686 2638 842 2720; x_wconf 85' lang='lat' dir='ltr'>patribus.</span> <span class='ocrx_word' id='word_1_137' title='bbox 1078 2634 1610 2720; x_wconf 77' lang='lat' dir='ltr'>nunonisvitaepraemia.lme1</span> 
     </span>
    </p>
   </div>
   <div class='ocr_carea' id='block_1_4' title="bbox 407 2735 1449 2808">
    <p class='ocr_par' dir='ltr' id='par_1_8' title="bbox 407 2735 1449 2808">
     <span class='ocr_line' id='line_1_24' title="bbox 407 2735 1449 2808; baseline 0.006 -19"><span class='ocrx_word' id='word_1_138' title='bbox 407 2736 501 2792; x_wconf 76' lang='lat' dir='ltr'>Text.</span> <span class='ocrx_word' id='word_1_139' title='bbox 539 2737 671 2794; x_wconf 81' lang='lat' dir='ltr'>Cliehtor.</span> <span class='ocrx_word' id='word_1_140' title='bbox 690 2736 739 2808; x_wconf 85' lang='lat' dir='ltr'>IV,</span> <span class='ocrx_word' id='word_1_141' title='bbox 760 2741 819 2794; x_wconf 79' lang='lat'>1⁷1.</span> <span class='ocrx_word' id='word_1_142' title='bbox 837 2735 937 2793; x_wconf 89' lang='lat' dir='ltr'>Daniel</span> <span class='ocrx_word' id='word_1_143' title='bbox 955 2736 992 2806; x_wconf 92' lang='lat'>11,</span> <span class='ocrx_word' id='word_1_144' title='bbox 1012 2739 1046 2791; x_wconf 87' lang='grc'>71</span> <span class='ocrx_word' id='word_1_145' title='bbox 1065 2736 1116 2793; x_wconf 79' lang='lat' dir='ltr'>let</span> <span class='ocrx_word' id='word_1_146' title='bbox 1135 2737 1181 2794; x_wconf 81' lang='lat' dir='ltr'>die</span> <span class='ocrx_word' id='word_1_147' title='bbox 1199 2739 1216 2792; x_wconf 90' lang='lat'><strong><em>3</em></strong></span> <span class='ocrx_word' id='word_1_148' title='bbox 1234 2741 1326 2795; x_wconf 73' lang='lat' dir='ltr'>ereren</span> <span class='ocrx_word' id='word_1_149' title='bbox 1344 2736 1449 2795; x_wconf 66' lang='lat' dir='ltr'>caten.</span> 
     </span>
    </p>
   </div>
   <div class='ocr_carea' id='block_1_5' title="bbox 884 2870 1083 2879">
    <p class='ocr_par' dir='ltr' id='par_1_9' title="bbox 884 2870 1083 2879">
     <span class='ocr_line' id='line_1_25' title="bbox 884 2870 1083 2879; baseline 0.005 -1"><span class='ocrx_word' id='word_1_150' title='bbox 884 2870 1083 2879; x_wconf 55' lang='lat' dir='ltr'><em>...m—-</em></span> 
     </span>
    </p>
   </div>
   <div class='ocr_carea' id='block_1_6' title="bbox 720 2950 1256 3140">
    <p class='ocr_par' dir='ltr' id='par_1_10' title="bbox 720 2950 1256 3140">
     <span class='ocr_line' id='line_1_26' title="bbox 765 2950 1212 3038; baseline 0.004 -21"><span class='ocrx_word' id='word_1_151' title='bbox 765 2957 815 3018; x_wconf 86' lang='lat'>90.</span> <span class='ocrx_word' id='word_1_152' title='bbox 857 2950 1024 3038; x_wconf 69' lang='lat' dir='ltr'>Sequentia</span> <span class='ocrx_word' id='word_1_153' title='bbox 1039 2952 1212 3034; x_wconf 75' lang='lat' dir='ltr'>paschalia.</span> 
     </span>
     <span class='ocr_line' id='line_1_27' title="bbox 720 3070 1256 3140; baseline -0.006 -13"><span class='ocrx_word' id='word_1_154' title='bbox 720 3072 836 3140; x_wconf 81' lang='lat' dir='ltr'>(Auctor</span> <span class='ocrx_word' id='word_1_155' title='bbox 854 3080 898 3128; x_wconf 87' lang='lat' dir='ltr'>est</span> <span class='ocrx_word' id='word_1_156' title='bbox 915 3071 1003 3128; x_wconf 84' lang='lat' dir='ltr'>Adam</span> <span class='ocrx_word' id='word_1_157' title='bbox 1023 3070 1057 3126; x_wconf 87' lang='lat' dir='ltr'>dc</span> <span class='ocrx_word' id='word_1_158' title='bbox 1076 3070 1103 3126; x_wconf 85' lang='lat' dir='ltr'>S.</span> <span class='ocrx_word' id='word_1_159' title='bbox 1122 3070 1256 3139; x_wconf 76' lang='lat' dir='ltr'>Victore.)</span> 
     </span>
    </p>
   </div>
   <div class='ocr_carea' id='block_1_7' title="bbox 339 3172 1604 5110">
    <p class='ocr_par' dir='ltr' id='par_1_11' title="bbox 339 3172 1478 3761">
     <span class='ocr_line' id='line_1_28' title="bbox 339 3172 1434 3256; baseline 0.001 -16"><span class='ocrx_word' id='word_1_160' title='bbox 339 3183 366 3244; x_wconf 86' lang='lat'>1.</span> <span class='ocrx_word' id='word_1_161' title='bbox 388 3174 500 3240; x_wconf 89' lang='lat' dir='ltr'>Mundi</span> <span class='ocrx_word' id='word_1_162' title='bbox 515 3174 678 3240; x_wconf 89' lang='lat' dir='ltr'>renovatio</span> <span class='ocrx_word' id='word_1_163' title='bbox 1009 3186 1039 3244; x_wconf 88' lang='grc'>4.</span> <span class='ocrx_word' id='word_1_164' title='bbox 1062 3174 1143 3239; x_wconf 88' lang='lat' dir='ltr'>Gelu</span> <span class='ocrx_word' id='word_1_165' title='bbox 1159 3172 1272 3239; x_wconf 88' lang='lat' dir='ltr'>mortis</span> <span class='ocrx_word' id='word_1_166' title='bbox 1289 3173 1434 3256; x_wconf 88' lang='lat' dir='ltr'>solvitur,</span> 
     </span>
     <span class='ocr_line' id='line_1_29' title="bbox 389 3256 1478 3342; baseline 0.002 -19"><span class='ocrx_word' id='word_1_167' title='bbox 389 3259 719 3342; x_wconf 82' lang='lat' dir='ltr'>Novoparitgaudia,</span> <span class='ocrx_word' id='word_1_168' title='bbox 1061 3259 1211 3341; x_wconf 86' lang='lat' dir='ltr'>Princeps</span> <span class='ocrx_word' id='word_1_169' title='bbox 1226 3256 1336 3324; x_wconf 86' lang='lat' dir='ltr'>mundi</span> <span class='ocrx_word' id='word_1_170' title='bbox 1351 3258 1478 3325; x_wconf 89' lang='lat' dir='ltr'>tollitur</span> 
     </span>
     <span class='ocr_line' id='line_1_30' title="bbox 388 3341 1379 3425; baseline -0.001 -16"><span class='ocrx_word' id='word_1_171' title='bbox 388 3344 580 3425; x_wconf 88' lang='lat' dir='ltr'>Resurgenti</span> <span class='ocrx_word' id='word_1_172' title='bbox 596 3343 731 3409; x_wconf 91' lang='lat' dir='ltr'>Domino</span> <span class='ocrx_word' id='word_1_173' title='bbox 1062 3343 1105 3407; x_wconf 84' lang='lat' dir='ltr'>Et</span> <span class='ocrx_word' id='word_1_174' title='bbox 1119 3342 1188 3408; x_wconf 88' lang='lat' dir='ltr'>eius</span> <span class='ocrx_word' id='word_1_175' title='bbox 1201 3341 1379 3408; x_wconf 88' lang='lat' dir='ltr'>destruitur</span> 
     </span>
     <span class='ocr_line' id='line_1_31' title="bbox 391 3426 1408 3510; baseline 0.001 -18"><span class='ocrx_word' id='word_1_176' title='bbox 391 3427 629 3510; x_wconf 86' lang='lat' dir='ltr'>Couresurguut</span> <span class='ocrx_word' id='word_1_177' title='bbox 646 3428 760 3494; x_wconf 91' lang='lat' dir='ltr'>omnia.</span> <span class='ocrx_word' id='word_1_178' title='bbox 1062 3426 1100 3490; x_wconf 91' lang='lat' dir='ltr'>ln</span> <span class='ocrx_word' id='word_1_179' title='bbox 1115 3427 1208 3492; x_wconf 90' lang='lat' dir='ltr'>uobis</span> <span class='ocrx_word' id='word_1_180' title='bbox 1221 3426 1408 3509; x_wconf 83' lang='lat' dir='ltr'>imperium:</span> 
     </span>
     <span class='ocr_line' id='line_1_32' title="bbox 388 3510 1398 3589; baseline 0.002 -15"><span class='ocrx_word' id='word_1_181' title='bbox 388 3510 555 3577; x_wconf 88' lang='lat' dir='ltr'>Elementa</span> <span class='ocrx_word' id='word_1_182' title='bbox 568 3512 711 3576; x_wconf 84' lang='lat' dir='ltr'>serviunt</span> <span class='ocrx_word' id='word_1_183' title='bbox 1062 3510 1147 3575; x_wconf 91' lang='lat' dir='ltr'>Dum</span> <span class='ocrx_word' id='word_1_184' title='bbox 1162 3516 1271 3576; x_wconf 88' lang='lat' dir='ltr'>tencre</span> <span class='ocrx_word' id='word_1_185' title='bbox 1285 3510 1398 3589; x_wconf 85' lang='lat' dir='ltr'>voluit,</span> 
     </span>
     <span class='ocr_line' id='line_1_33' title="bbox 389 3592 1400 3676; baseline 0.002 -17"><span class='ocrx_word' id='word_1_186' title='bbox 389 3594 432 3660; x_wconf 87' lang='lat' dir='ltr'>Et</span> <span class='ocrx_word' id='word_1_187' title='bbox 447 3596 587 3661; x_wconf 90' lang='lat' dir='ltr'>auctoris</span> <span class='ocrx_word' id='word_1_188' title='bbox 601 3596 743 3660; x_wconf 86' lang='lat' dir='ltr'>sentiunt</span> <span class='ocrx_word' id='word_1_189' title='bbox 1061 3594 1098 3660; x_wconf 93' lang='lat' dir='ltr'>Iu</span> <span class='ocrx_word' id='word_1_190' title='bbox 1114 3612 1177 3676; x_wconf 90' lang='lat' dir='ltr'>quo</span> <span class='ocrx_word' id='word_1_191' title='bbox 1192 3593 1271 3660; x_wconf 92' lang='lat' dir='ltr'>nihil</span> <span class='ocrx_word' id='word_1_192' title='bbox 1285 3592 1400 3661; x_wconf 88' lang='lat' dir='ltr'>habuit</span> 
     </span>
     <span class='ocr_line' id='line_1_34' title="bbox 390 3677 1430 3761; baseline 0.002 -19"><span class='ocrx_word' id='word_1_193' title='bbox 390 3677 517 3756; x_wconf 85' lang='lat' dir='ltr'>Quanta</span> <span class='ocrx_word' id='word_1_194' title='bbox 532 3679 596 3743; x_wconf 90' lang='lat' dir='ltr'>sint</span> <span class='ocrx_word' id='word_1_195' title='bbox 611 3678 776 3744; x_wconf 88' lang='lat' dir='ltr'>sollennia.</span> <span class='ocrx_word' id='word_1_196' title='bbox 1062 3679 1117 3745; x_wconf 87' lang='lat' dir='ltr'>lus</span> <span class='ocrx_word' id='word_1_197' title='bbox 1132 3678 1240 3743; x_wconf 89' lang='lat' dir='ltr'>amisit</span> <span class='ocrx_word' id='word_1_198' title='bbox 1254 3679 1430 3761; x_wconf 82' lang='lat' dir='ltr'>proprium.</span> 
     </span>
    </p>

    <p class='ocr_par' dir='ltr' id='par_1_12' title="bbox 1011 3763 1445 3846">
     <span class='ocr_line' id='line_1_35' title="bbox 1011 3763 1445 3846; baseline 0.002 -18"><span class='ocrx_word' id='word_1_199' title='bbox 1011 3768 1039 3828; x_wconf 80' lang='lat'>5.</span> <span class='ocrx_word' id='word_1_200' title='bbox 1063 3763 1140 3830; x_wconf 86' lang='lat' dir='ltr'>Vita</span> <span class='ocrx_word' id='word_1_201' title='bbox 1154 3769 1289 3828; x_wconf 83' lang='lat' dir='ltr'>mortem</span> <span class='ocrx_word' id='word_1_202' title='bbox 1304 3768 1445 3846; x_wconf 84' lang='lat' dir='ltr'>superat,</span> 
     </span>
    </p>

    <p class='ocr_par' dir='ltr' id='par_1_13' title="bbox 339 3843 1447 4434">
     <span class='ocr_line' id='line_1_36' title="bbox 339 3843 1438 3930; baseline 0.005 -21"><span class='ocrx_word' id='word_1_203' title='bbox 339 3851 367 3909; x_wconf 83' lang='lat'>2.</span> <span class='ocrx_word' id='word_1_204' title='bbox 390 3843 479 3926; x_wconf 92' lang='lat' dir='ltr'>Ignis</span> <span class='ocrx_word' id='word_1_205' title='bbox 493 3845 579 3912; x_wconf 86' lang='lat' dir='ltr'>volat</span> <span class='ocrx_word' id='word_1_206' title='bbox 593 3845 731 3927; x_wconf 89' lang='lat' dir='ltr'>mobilis,</span> <span class='ocrx_word' id='word_1_207' title='bbox 1061 3846 1165 3913; x_wconf 90' lang='lat' dir='ltr'>Homo</span> <span class='ocrx_word' id='word_1_208' title='bbox 1180 3845 1244 3912; x_wconf 89' lang='lat' dir='ltr'>iam</span> <span class='ocrx_word' id='word_1_209' title='bbox 1259 3852 1438 3930; x_wconf 82' lang='lat' dir='ltr'>recuperat,</span> 
     </span>
     <span class='ocr_line' id='line_1_37' title="bbox 391 3928 1437 4015; baseline 0.003 -21"><span class='ocrx_word' id='word_1_210' title='bbox 391 3929 435 3994; x_wconf 85' lang='lat' dir='ltr'>Et</span> <span class='ocrx_word' id='word_1_211' title='bbox 449 3934 505 3995; x_wconf 76' lang='lat' dir='ltr'>adr</span> <span class='ocrx_word' id='word_1_212' title='bbox 517 3928 675 4009; x_wconf 80' lang='lat' dir='ltr'>volubilis,</span> <span class='ocrx_word' id='word_1_213' title='bbox 1063 3930 1156 4008; x_wconf 85' lang='lat' dir='ltr'>Quod</span> <span class='ocrx_word' id='word_1_214' title='bbox 1171 3931 1261 4012; x_wconf 86' lang='lat' dir='ltr'>prius</span> <span class='ocrx_word' id='word_1_215' title='bbox 1276 3931 1437 4015; x_wconf 77' lang='lat' dir='ltr'>amiserat,</span> 
     </span>
     <span class='ocr_line' id='line_1_38' title="bbox 390 4013 1388 4096; baseline 0.003 -18"><span class='ocrx_word' id='word_1_216' title='bbox 390 4013 477 4078; x_wconf 82' lang='lat' dir='ltr'>Fluit</span> <span class='ocrx_word' id='word_1_217' title='bbox 492 4032 577 4095; x_wconf 89' lang='lat' dir='ltr'>aqua</span> <span class='ocrx_word' id='word_1_218' title='bbox 590 4013 707 4095; x_wconf 86' lang='lat' dir='ltr'>labilis,</span> <span class='ocrx_word' id='word_1_219' title='bbox 1062 4014 1388 4096; x_wconf 85' lang='lat' dir='ltr'>Paradisigaudium:</span> 
     </span>
     <span class='ocr_line' id='line_1_39' title="bbox 392 4096 1447 4179; baseline 0.005 -19"><span class='ocrx_word' id='word_1_220' title='bbox 392 4096 492 4162; x_wconf 89' lang='lat' dir='ltr'>Terra</span> <span class='ocrx_word' id='word_1_221' title='bbox 505 4105 613 4164; x_wconf 90' lang='lat' dir='ltr'>manet</span> <span class='ocrx_word' id='word_1_222' title='bbox 628 4098 763 4179; x_wconf 88' lang='lat' dir='ltr'>stabilis,</span> <span class='ocrx_word' id='word_1_223' title='bbox 1064 4101 1158 4167; x_wconf 84' lang='lat' dir='ltr'>Viam</span> <span class='ocrx_word' id='word_1_224' title='bbox 1194 4100 1307 4166; x_wconf 85' lang='lat' dir='ltr'>raebet</span> <span class='ocrx_word' id='word_1_225' title='bbox 1319 4096 1447 4166; x_wconf 81' lang='lat' dir='ltr'>facilem</span> 
     </span>
     <span class='ocr_line' id='line_1_40' title="bbox 391 4120 1434 4265; baseline 0.005 -21"><span class='ocrx_word' id='word_1_226' title='bbox 391 4180 468 4246; x_wconf 80' lang='lat' dir='ltr'>Alta</span> <span class='ocrx_word' id='word_1_227' title='bbox 481 4187 597 4262; x_wconf 90' lang='lat' dir='ltr'>petunt</span> <span class='ocrx_word' id='word_1_228' title='bbox 610 4184 700 4264; x_wconf 81' lang='lat' dir='ltr'>levia,</span> <span class='ocrx_word' id='word_1_229' title='bbox 1064 4120 1225 4250; x_wconf 54' lang='lat' dir='ltr'>choragio</span> <span class='ocrx_word' id='word_1_230' title='bbox 1239 4183 1434 4265; x_wconf 84' lang='lat' dir='ltr'>versatilem,</span> 
     </span>
     <span class='ocr_line' id='line_1_41' title="bbox 394 4262 1417 4349; baseline 0.006 -21"><span class='ocrx_word' id='word_1_231' title='bbox 394 4262 545 4330; x_wconf 87' lang='lat' dir='ltr'>Centrum</span> <span class='ocrx_word' id='word_1_232' title='bbox 561 4268 804 4347; x_wconf 82' lang='lat' dir='ltr'>teueutgravin,</span> <span class='ocrx_word' id='word_1_233' title='bbox 1063 4267 1109 4332; x_wconf 90' lang='lat' dir='ltr'>Ut</span> <span class='ocrx_word' id='word_1_234' title='bbox 1123 4268 1211 4334; x_wconf 90' lang='lat' dir='ltr'>Deus</span> <span class='ocrx_word' id='word_1_235' title='bbox 1226 4268 1417 4349; x_wconf 88' lang='lat' dir='ltr'>promiserat</span> 
     </span>
     <span class='ocr_line' id='line_1_42' title="bbox 393 4347 1418 4434; baseline 0.005 -22"><span class='ocrx_word' id='word_1_236' title='bbox 393 4347 600 4415; x_wconf 88' lang='lat' dir='ltr'>Renovautur</span> <span class='ocrx_word' id='word_1_237' title='bbox 613 4350 727 4419; x_wconf 90' lang='lat' dir='ltr'>omnia.</span> <span class='ocrx_word' id='word_1_238' title='bbox 1064 4351 1249 4417; x_wconf 88' lang='lat' dir='ltr'>Amoveudo</span> <span class='ocrx_word' id='word_1_239' title='bbox 1265 4351 1418 4434; x_wconf 78' lang='lat' dir='ltr'>gladium.</span> 
     </span>
    </p>

    <p class='ocr_par' dir='ltr' id='par_1_14' title="bbox 1012 4436 1473 4503">
     <span class='ocr_line' id='line_1_43' title="bbox 1012 4436 1473 4503; baseline 0 -1"><span class='ocrx_word' id='word_1_240' title='bbox 1012 4441 1041 4503; x_wconf 79' lang='lat' dir='ltr'>d.</span> <span class='ocrx_word' id='word_1_241' title='bbox 1065 4436 1213 4502; x_wconf 82' lang='lat' dir='ltr'>Christus</span> <span class='ocrx_word' id='word_1_242' title='bbox 1228 4437 1334 4503; x_wconf 91' lang='lat' dir='ltr'>coelos</span> <span class='ocrx_word' id='word_1_243' title='bbox 1348 4441 1473 4503; x_wconf 87' lang='lat' dir='ltr'>reserat</span> 
     </span>
    </p>

    <p class='ocr_par' dir='ltr' id='par_1_15' title="bbox 341 4513 1604 5110">
     <span class='ocr_line' id='line_1_44' title="bbox 341 4513 1407 4603; baseline 0.008 -24"><span class='ocrx_word' id='word_1_244' title='bbox 341 4520 369 4581; x_wconf 87' lang='lat'>3.</span> <span class='ocrx_word' id='word_1_245' title='bbox 393 4513 524 4581; x_wconf 86' lang='lat' dir='ltr'>Coelum</span> <span class='ocrx_word' id='word_1_246' title='bbox 538 4515 576 4581; x_wconf 88' lang='lat' dir='ltr'>lit</span> <span class='ocrx_word' id='word_1_247' title='bbox 589 4517 740 4596; x_wconf 86' lang='lat' dir='ltr'>serenius,</span> <span class='ocrx_word' id='word_1_248' title='bbox 1063 4519 1407 4603; x_wconf 80' lang='lat' dir='ltr'>nteapuvosliberat,</span> 
     </span>
     <span class='ocr_line' id='line_1_45' title="bbox 392 4598 1435 4695; baseline 0.01 -33"><span class='ocrx_word' id='word_1_249' title='bbox 392 4598 765 4695; x_wconf 77' lang='lat' dir='ltr'>Etmaretranquilliua,</span> <span class='ocrx_word' id='word_1_250' title='bbox 1067 4604 1153 4682; x_wconf 88' lang='lat' dir='ltr'>Quos</span> <span class='ocrx_word' id='word_1_251' title='bbox 1168 4603 1262 4686; x_wconf 87' lang='lat' dir='ltr'>culpa</span> <span class='ocrx_word' id='word_1_252' title='bbox 1276 4605 1435 4686; x_wconf 85' lang='lat' dir='ltr'>ligaverat</span> 
     </span>
     <span class='ocr_line' id='line_1_46' title="bbox 393 4682 1421 4766; baseline 0.007 -18"><span class='ocrx_word' id='word_1_253' title='bbox 393 4682 504 4765; x_wconf 79' lang='lat' dir='ltr'>Spirat</span> <span class='ocrx_word' id='word_1_254' title='bbox 516 4702 595 4750; x_wconf 87' lang='lat' dir='ltr'>aura</span> <span class='ocrx_word' id='word_1_255' title='bbox 609 4685 718 4766; x_wconf 81' lang='lat' dir='ltr'>levina,</span> <span class='ocrx_word' id='word_1_256' title='bbox 1064 4688 1131 4755; x_wconf 86' lang='lat' dir='ltr'>Sub</span> <span class='ocrx_word' id='word_1_257' title='bbox 1146 4689 1259 4753; x_wconf 88' lang='lat' dir='ltr'>mortis</span> <span class='ocrx_word' id='word_1_258' title='bbox 1274 4689 1421 4755; x_wconf 85' lang='lat' dir='ltr'>interitu:</span> 
     </span>
     <span class='ocr_line' id='line_1_47' title="bbox 392 4765 1384 4841; baseline 0.008 -10"><span class='ocrx_word' id='word_1_259' title='bbox 392 4765 497 4832; x_wconf 89' lang='lat' dir='ltr'>Vallis</span> <span class='ocrx_word' id='word_1_260' title='bbox 512 4775 623 4836; x_wconf 87' lang='lat' dir='ltr'>nostra</span> <span class='ocrx_word' id='word_1_261' title='bbox 641 4768 765 4838; x_wconf 86' lang='lat' dir='ltr'>floruit:</span> <span class='ocrx_word' id='word_1_262' title='bbox 1066 4773 1128 4838; x_wconf 90' lang='lat' dir='ltr'>Pro</span> <span class='ocrx_word' id='word_1_263' title='bbox 1142 4776 1234 4838; x_wconf 86' lang='lat' dir='ltr'>tanta</span> <span class='ocrx_word' id='word_1_264' title='bbox 1248 4773 1384 4841; x_wconf 84' lang='lat' dir='ltr'>victoria</span> 
     </span>
     <span class='ocr_line' id='line_1_48' title="bbox 392 4850 1392 4940; baseline 0.008 -25"><span class='ocrx_word' id='word_1_265' title='bbox 392 4850 718 4933; x_wconf 83' lang='lat' dir='ltr'>Revirescuutarida,</span> <span class='ocrx_word' id='word_1_266' title='bbox 1065 4857 1164 4937; x_wconf 88' lang='lat' dir='ltr'>Patri,</span> <span class='ocrx_word' id='word_1_267' title='bbox 1180 4856 1392 4940; x_wconf 88' lang='lat' dir='ltr'>proli,gloria</span> 
     </span>
     <span class='ocr_line' id='line_1_49' title="bbox 391 4934 1441 5023; baseline 0.009 -23"><span class='ocrx_word' id='word_1_268' title='bbox 391 4934 604 5003; x_wconf 86' lang='lat' dir='ltr'>Recalescuut</span> <span class='ocrx_word' id='word_1_269' title='bbox 618 4935 745 5019; x_wconf 84' lang='lat' dir='ltr'>frigida,</span> <span class='ocrx_word' id='word_1_270' title='bbox 1066 4938 1236 5023; x_wconf 90' lang='lat' dir='ltr'>Nunquam</span> <span class='ocrx_word' id='word_1_271' title='bbox 1252 4940 1441 5009; x_wconf 81' lang='lat' dir='ltr'>transitoria</span> 
     </span>
     <span class='ocr_line' id='line_1_50' title="bbox 394 5018 1604 5110; baseline 0.002 -23"><span class='ocrx_word' id='word_1_272' title='bbox 394 5018 472 5088; x_wconf 89' lang='lat' dir='ltr'>Post</span> <span class='ocrx_word' id='word_1_273' title='bbox 486 5038 568 5106; x_wconf 88' lang='lat' dir='ltr'>quae</span> <span class='ocrx_word' id='word_1_274' title='bbox 581 5040 637 5090; x_wconf 85' lang='lat' dir='ltr'>ver</span> <span class='ocrx_word' id='word_1_275' title='bbox 649 5022 797 5107; x_wconf 85' lang='lat' dir='ltr'>intepuit.</span> <span class='ocrx_word' id='word_1_276' title='bbox 1067 5021 1117 5093; x_wconf 85' lang='lat' dir='ltr'>Sit</span> <span class='ocrx_word' id='word_1_277' title='bbox 1132 5041 1203 5091; x_wconf 91' lang='lat' dir='ltr'>cum</span> <span class='ocrx_word' id='word_1_278' title='bbox 1218 5032 1329 5094; x_wconf 90' lang='lat' dir='ltr'>sancto</span> <span class='ocrx_word' id='word_1_279' title='bbox 1345 5026 1472 5110; x_wconf 81' lang='lat' dir='ltr'>spiritu.</span> <span class='ocrx_word' id='word_1_280' title='bbox 1498 5023 1604 5094; x_wconf 77' lang='lat' dir='ltr'>sucu.</span> 
     </span>
    </p>
   </div>
   <div class='ocr_carea' id='block_1_8' title="bbox 0 0 2004 5800">
    <p class='ocr_par' dir='ltr' id='par_1_16' title="bbox 0 0 2004 5800">
     <span class='ocr_line' id='line_1_51' title="bbox 0 0 2004 5800; baseline 0 0"><span class='ocrx_word' id='word_1_281' title='bbox 0 0 2004 5800; x_wconf 95' lang='lat' dir='ltr'> </span> 
     </span>
    </p>
   </div>
  </div>
 </body>
</html>
