3975 5800
846 526 1078 591 ..334-

339 709 368 767 7.
380 703 562 785 Postquam
576 702 658 769 cero'
668 704 861 788 baptisatur,

386 788 466 853 Fide
481 786 606 870 fulgens
621 789 802 856 declaratur

386 874 489 955 Aptus
505 873 702 940 sacerdotio:

387 956 466 1022 Inde
482 956 585 1022 tirum
600 964 666 1023 tam
681 958 853 1039 benignum

386 1041 577 1108 Praesulatn
592 1040 814 1125 lecitjdignnm

388 1126 551 1191 Virtutum
567 1128 733 1208 promotio.

336 1212 367 1272 8.
386 1212 413 1274 A
429 1211 558 1277 Victore
572 1211 699 1293 praesul
714 1209 819 1276 factus

388 1294 490 1371 Quum
506 1295 654 1360 solennes
669 1297 772 1376 gessit
785 1304 876 1362 actus

386 1378 517 1445 latrans
532 1378 650 1446 Christi
667 1381 808 1445 vineam:

385 1463 628 1544 Plantondoqne
642 1482 766 1530 sacram
779 1464 875 1532 tidem

992 712 1043 777 10.
1061 706 1175 773 Plures
1191 725 1312 790 menos
1325 706 1373 774 sic
1387 722 1558 791 perpessus

1060 792 1196 858 Vinctus
1207 792 1341 859 Romam
1360 800 1413 858 est
1427 808 1593 875 aggressu

1061 876 1211 957 obiitque
1226 895 1300 943 mox
1314 893 1490 959 oppresus

1059 961 1192 1026 Viarum
1206 960 1391 1028 laboribus:

1058 1044 1159 1122 Quem
1175 1063 1246 1110 cum
1259 1045 1356 1111 laude
1369 1041 1519 1126 sepelivit

1060 1130 1146 1195 Gens
1161 1130 1195 1194 in
1209 1129 1282 1209 fide,
1297 1148 1394 1211 quam
1409 1126 1557 1206 maurit,

1059 1214 1147 1279 Dens
1163 1213 1247 1280 hunc
1261 1218 1295 1280 et
1309 1211 1478 1294 insignivit

1061 1297 1168 1380 Signis
1183 1297 1375 1380 potioribus.

371 1548 531 1629 [Gentem
548 1547 587 1612 de
602 1548 775 1629 quassnatus
789 1548 911 1632 pridem
992 1555 1040 1619 11.
1060 1551 1109 1618 Ob
1124 1551 1184 1617 hoc
1198 1550 1250 1632 pie
1265 1549 1469 1616 modulemur

386 1631 531 1698 Sanxivit
545 1632 741 1714 Fulgineam.

338 1720 368 1780 o.
391 1716 589 1799 Extirpando
604 1719 666 1782 vim
682 1718 814 1783 deornm

387 1802 547 1868 ldolatras
562 1803 760 1869 diversorum

386 1887 469 1951 llinc
483 1887 641 1952 convertit
655 1887 862 1952 terminorum

386 1972 511 2037 Docerrs
525 1971 556 2035 in
573 1971 685 2036 ltalia:

386 2056 451 2121 Gur
465 2076 640 2138 suspensus
656 2057 825 2137 laceratur,

385 2143 494 2207 Verba
510 2143 594 2208 vitae
609 2159 649 2206 ne
664 2142 823 2222 loquatur,

385 2226 449 2293 Sed
463 2244 664 2309 nequaquam
679 2226 863 2292 retardatur

386 2311 531 2378 Profiteri
547 2312 636 2378 talia.

1058 1636 1103 1701 Et
1118 1642 1264 1701 sanctum
1279 1635 1500 1717 deprecemur,

1058 1720 1150 1785 Utin
1165 1719 1227 1785 fide
1242 1719 1425 1796 solidemur,

1058 1805 1146 1870 Evae
1162 1805 1329 1870 mortisue
1346 1802 1534 1868 damnemur

1059 1890 1167 1954 Atroci
1183 1888 1359 1955 sententia:

1058 1972 1209 2039 Sanctum
1225 1972 1395 2040 nobishoc
1409 1974 1570 2053 praestare

1058 2058 1200 2124 Coelitus
1214 2063 1247 2123 et
1261 2058 1447 2140 impetrare,

1057 2142 1159 2219 Quem
1174 2146 1375 2224 praesentem
1394 2138 1599 2207 commendare

1055 2227 1195 2293 Nitimur
1208 2233 1242 2292 et
1256 2243 1431 2308 prosonarc

1058 2312 1217 2394 Dignetur
1236 2311 1414 2377 clementia.

385 2439 410 2477 a.
431 2421 523 2478 Text.
560 2423 639 2479 bliss.
657 2422 802 2478 hliudeuse
823 2424 900 2478 1513.
927 2452 961 2461 -
986 2421 1088 2477 Daniel
1106 2423 1157 2476 leot
1175 2421 1283 2476 duraua
1302 2421 1348 2474 (lic
1365 2423 1384 2474 d
1401 2423 1495 2475 autea
1513 2416 1598 2471 Zeila

385 2512 410 2565 b.
430 2510 614 2567 Lesurtea.
654 2516 694 2583 11,
713 2515 738 2565 2.
758 2510 818 2566 Des
840 2509 938 2566 Verres
956 2526 1050 2580 coepero
1069 2512 1107 2565 ist
1126 2510 1180 2565 rool
1198 2511 1235 2565 Et
1252 2510 1326 2565 hunc
1344 2515 1433 2565 sanct.
1453 2524 1489 2563 su
1506 2508 1584 2562 laea

580 2751 650 2815 561.
692 2746 745 2815 De
765 2769 807 2815 ss.
829 2749 935 2817 Felice
956 2756 985 2816 ct
1006 2749 1131 2833 Regulo
1151 2745 1355 2832 rnumpribus.

314 2869 437 2940 (Komeu
454 2870 506 2924 ruit
526 2869 575 2923 der
593 2869 769 2925 thebaiscbrn
788 2869 896 2942 Lepion
914 2873 946 2926 in
965 2872 1011 2927 die
1028 2869 1152 2926 Scluoea'a
1171 2870 1231 2924 arrd
1247 2868 1362 2924 storbon
1388 2866 1420 2919 io
1438 2862 1545 2919 Zdricla
1561 2860 1599 2916 la

521 2941 717 3013 Murtprertod
734 2943 871 3000 autarcen
889 2947 1042 3013 sos-305,
1060 2943 1169 2998 cerebrt
1187 2957 1233 2996 um
1250 2945 1294 2994 11.
1312 2941 1401 3008 Sept.)

337 3071 364 3130 l.
385 3065 598 3147 Oanegunr,
615 3067 735 3132 Romae
749 3085 872 3148 regum,

382 3149 503 3231 Regale
517 3151 684 3231 palatium,

384 3234 488 3300 Corde
503 3235 617 3316 gaude,
633 3254 729 3300 manu
743 3236 869 3317 plaude,

382 3321 467 3385 Voce
484 3319 696 3386 iubilantinm.

335 3434 364 3493 2.
385 3429 516 3512 Semper
530 3428 606 3496 felix
625 3429 790 3513 tu3Felicis

381 3514 586 3596 Regulaeqnc
601 3518 665 3579 stes
679 3514 818 3580 victricis

381 3598 478 3664 Fultu
492 3598 684 3679 patrocinio:

382 3684 465 3748 Vere
481 3683 583 3763 digno
591 3687 626 3748 tu
642 3682 765 3747 vocaris

381 3765 567 3846 'ru-regum,
584 3784 655 3831 oum
670 3767 716 3831 sic
732 3766 845 3833 ditaris

382 3850 546 3915 Thesauro
562 3855 628 3915 mm
643 3852 741 3931 regio.

334 3965 363 4024 3.
382 3959 496 4024 Edicto
511 3960 696 4025 Maximiani

383 4044 552 4108 inhumani
567 4050 601 4109 ot
617 4045 737 4124 vesani,

382 4128 494 4194 Occiso
509 4127 671 4206 Mauritio,

384 4213 466 4278 llum
482 4213 620 4279 irescirct
635 4215 711 4279 urbs
727 4213 889 4294 Turcgum

383 4298 481 4362 h'orro
495 4298 604 4377 ingmn
619 4298 704 4378 regis
720 4315 830 4378 regum

382 4381 533 4448 Praesido
549 4384 608 4448 sub
624 4383 732 4463 Decio,

333 4505 362 4569 4.
383 4500 424 4565 Hi
439 4499 576 4566 ‘thebaei
591 4504 690 4565 testes
704 4500 773 4581 lloi,

382 4585 470 4661 Quoue
486 4590 562 4650 sunt
576 4584 645 4664 Dei,
662 4584 802 4651 reddunt
816 4586 856 4666 ei,

381 4669 472 4733 l'idei
488 4671 671 4750 praeconia:

382 4753 553 4834 tlraptivati
573 4753 737 4831 carcerati,

382 4837 446 4902 Sed
460 4838 570 4903 irnvicti
586 4844 662 4904 sunt
678 4836 788 4904 afflicti

381 4922 511 5004 Longae
526 4921 620 4988 lamis
635 4922 753 4989 taedio.

1009 3071 1038 3132 5.
1057 3066 1101 3132 Et
1115 3064 1190 3129 dnm
1206 3067 1335 3129 manent
1349 3059 1509 3139 indeflexi,

1057 3152 1161 3215 Rotae
1176 3147 1252 3214 ferri
1268 3153 1343 3213 sunt
1358 3144 1477 3224 inflexi,

1057 3233 1230 3300 Stridentis
1244 3230 1383 3298 incendii

1056 3319 1217 3385 Bulliente
1232 3315 1469 3400 perfunduntur

1057 3403 1200 3482 Plumbo,
1215 3403 1295 3485 pice,
1311 3418 1369 3466 nec
1384 3397 1556 3466 laeduntur

1056 3488 1097 3554 Vi
1111 3488 1194 3553 tanti
1210 3485 1367 3569 supplicii.

1008 3575 1038 3633 6.
1057 3574 1155 3639 Videt
1169 3577 1272 3638 tortor
1287 3567 1483 3645 etitabesoit,

1057 3657 1148 3734 Quod
1163 3657 1211 3721 vis
1226 3657 1309 3736 ignis
1324 3670 1443 3736 poenas
1459 3650 1567 3733 nescit,

1056 3742 1179 3808 Cuncta
1194 3746 1324 3823 stupent
1339 3738 1484 3817 saecula;

1056 3827 1207 3908 Quaeque
1222 3833 1298 3892 sunt
1312 3823 1487 3903 acerbiora,

1056 3911 1230 3994 Mellejsibi
1246 3910 1388 3976 dulciora

1056 3997 1139 4060 Fore
1155 3996 1273 4060 clamat
1286 3993 1420 4075 Regula.

1009 4081 1036 4141 7.
1056 4080 1182 4160 Hostes,
1199 4080 1317 4161 quibus
1331 4076 1577 4159 quaerebantur,

1057 4165 1185 4244 Vident,
1202 4164 1258 4229 sed
1274 4182 1338 4228 non
1352 4160 1543 4226 videbantur

1056 4248 1166 4315 Caucis
1180 4267 1237 4331 per
1252 4248 1414 4312 ocrisiam:

1057 4331 1177 4415 Sponte
1193 4338 1299 4397 tamen
1315 4350 1350 4396 se
1366 4330 1524 4396 dederunt

1056 4416 1165 4498 Lupis,
1185 4435 1259 4482 oves
1275 4415 1464 4482 obtulerunt

1056 4500 1186 4566 Christo
1201 4500 1330 4582 dignam
1345 4500 1493 4567 hostiam.

1006 4581 1036 4646 8.
1055 4584 1276 4665 Denudantur,
1295 4585 1510 4666 flagellantur,

1055 4668 1174 4735 Sancta
1189 4669 1320 4735 canibus
1336 4671 1505 4750 donantur,

1054 4753 1221 4819 Pretiosae
1239 4756 1435 4836 margaritae

1055 4837 1185 4920 Spurcis
1201 4841 1307 4921 porcis
1323 4838 1520 4920 sentinosae

1054 4923 1258 5006 ltnmpnntur
1271 4923 1419 4990 feliciter.
