3975 5800
872 601 1103 669 -416-

359 782 388 845 4.
406 779 598 864 Angelorum
613 787 728 850 nactus
743 782 851 866 vitam,
867 790 903 850 ut
917 783 1069 851 mortales
1084 783 1215 866 angelos

408 866 550 944 Faceres
567 870 681 934 otveri
696 868 772 934 solis
787 868 972 951 propalaret
985 867 1103 943 radios,

408 951 450 1014 Et
464 969 620 1033 supernae
636 953 757 1018 civitati
769 958 969 1018 restauraret
981 953 1135 1035 perditos.

360 1036 388 1097 b.
409 1036 505 1101 Gravi
522 1035 603 1100 mole
617 1039 841 1116 premebamur
855 1038 887 1103 in
903 1038 1051 1119 Aegypto
1071 1036 1200 1115 saeculi,

408 1117 500 1196 Quod
516 1119 640 1185 Pharao
655 1139 709 1185 rex
724 1121 861 1203 Aegypti
878 1121 1023 1201 sublege
1039 1120 1161 1186 servitii

408 1203 591 1279 berinthus,
608 1203 648 1268 acl
663 1205 811 1286 perennis
826 1207 936 1286 iugum
952 1204 1142 1272 exterminii.

361 1290 388 1349 6.
409 1288 469 1351 Hic
484 1289 670 1369 praeposuit
684 1289 856 1370 magistros
872 1289 931 1354 luti
946 1295 1044 1370 atque
1060 1289 1180 1367 lateris,

408 1369 454 1435 Ut
468 1372 605 1436 terrenis
619 1378 839 1453 premerentur
853 1373 951 1439 corda
965 1379 1077 1439 nostra
1090 1372 1203 1455 paleis,

409 1454 476 1520 Noc
489 1455 522 1521 in
538 1463 649 1521 nostro
664 1457 745 1522 mari
759 1475 864 1523 mares
879 1456 961 1523 ullos
975 1474 1045 1523 esse
1061 1457 1169 1522 voluit.

361 1539 389 1601 7.
409 1538 451 1603 Et
467 1539 600 1604 Ioannes
616 1539 830 1622 Pulsanensis,
846 1547 975 1622 sumpta
988 1542 1080 1622 virga
1094 1540 1210 1623 Moysi,

409 1621 562 1689 Tenebris
579 1624 617 1688 de
633 1630 834 1705 pcccatorum
850 1627 949 1690 traxit
963 1625 1115 1707 populum
1131 1625 1201 1705 Dei,

409 1707 607 1773 Parsimonia
622 1709 716 1789 legali
732 1711 861 1775 strinxit
874 1709 994 1775 fluxum
1009 1709 1117 1776 seculi.

360 1787 389 1852 8.
409 1790 517 1856 Nutrit
532 1793 689 1858 musculos
706 1794 860 1859 virtutum
876 1800 973 1875 atque
987 1792 1081 1858 findit
1097 1793 1250 1875 impetum

410 1877 628 1941 Poenitentiae
643 1878 803 1959 baptismo
818 1882 931 1944 enecat
946 1877 1131 1958 Aegyptios,

410 1958 451 2023 Et
465 1959 606 2025 ditinum
622 1969 734 2026 contra
747 1962 857 2028 hostes
872 1967 1044 2045 praeparat
1058 1960 1240 2026 exercitum.

360 2040 388 2105 9.
410 2044 472 2107 Ρ11·
487 2045 650 2109 desertum
665 2046 750 2111 vitae
765 2046 859 2111 huius
874 2064 1004 2128 gregem
1019 2046 1081 2110 sibi
1098 2043 1261 2111 subditum

409 2128 528 2193 blanau
542 2130 630 2211 pavit
645 2148 682 2194 ac
697 2129 883 2212 lymphavit‚
899 2147 961 2210 quo
978 2136 1108 2212 pararet
1123 2128 1247 2193 aditum

413 2212 460 2276 Aul
475 2213 655 2293 ingressum
671 2221 801 2280 sauctae
816 2219 932 2292 terrae,
949 2231 1032 2295 quac
1047 2231 1122 2296 pars
1138 2217 1189 2278 est
1205 2211 1386 2277 viventium.

343 2292 391 2359 10.
412 2296 478 2359 Rex
495 2302 643 2362 aeternus
656 2315 693 2363 ac
708 2298 892 2364 tremendus
907 2295 1236 2380 incomprehensibilis

412 2380 516 2446 lluius
532 2382 656 2447 meritis
671 2381 800 2447 loannis
815 2382 901 2447 adsit
915 2381 1093 2460 exorabilis,

410 2464 454 2527 Et
468 2472 599 2546 peccata
614 2465 703 2530 uobis
719 2473 833 2532 cuncta
847 2466 940 2532 tollat
953 2464 1135 2532 ineffabilis.

344 2542 391 2609 ll,
412 2547 460 2612 Sit
475 2549 545 2612 laus
561 2548 649 2613 Patri
666 2549 809 2632 Filioque
823 2558 919 2632 atque
934 2556 1046 2615 sancto
1061 2548 1238 2624 Pneumati,

411 2630 472 2707 Qui
489 2633 639 2697 loannem
655 2633 882 2700 Pulsanenscm
896 2636 1021 2716 magnis
1035 2634 1121 2699 vitae
1136 2632 1258 2697 meritis

410 2715 581 2780 Decoravit
596 2723 629 2782 et
643 2719 782 2783 aeternis
797 2718 991 2800 mancipavit
1006 2716 1166 2801 praemiis.
1195 2716 1306 2779 Amen.

415 2823 509 2878 Text.
546 2826 618 2879 Acta
637 2825 800 2881 Sonctornm
819 2826 879 2881 lun.
899 2826 976 2881 Tom.
986 2825 1034 2881 IV.
1053 2843 1079 2894 p.
1088 2827 1136 2880 58:
1155 2824 1215 2892 „Ex
1234 2822 1313 2878 Mire.
1327 2820 1453 2877 albiensi
1472 2819 1569 2891 (Athy)
1585 2832 1625 2874 nc

342 2895 412 2951 llibl.
433 2894 614 2952 vaticanae.“
635 2928 667 2936 -
688 2898 788 2953 Daniel
806 2898 842 2967 ll,
864 2903 915 2955 154
934 2900 983 2954 bot
1002 2898 1110 2953 dorcas
1129 2896 1175 2951 dic
1192 2898 1210 2950 3
1228 2900 1321 2950 ersten
1339 2891 1444 2948 Zoilcrr.

739 3179 810 3239 614.
852 3174 906 3240 Dc
931 3194 956 3239 s.
980 3174 1069 3240 Iusto
1091 3178 1242 3255 clampre.

340 3287 437 3355 (Storb
456 3290 526 3343 noct
545 3290 608 3343 sehr
622 3290 695 3361 joop
714 3290 767 3345 den
785 3290 983 3362 Martyrertod
1006 3308 1044 3345 aa
1065 3289 1173 3343 Albalo
1195 3288 1230 3343 dc
1251 3286 1379 3341 Honores
1404 3287 1436 3341 ia
1454 3284 1575 3355 spansa
1595 3280 1625 3333 in

798 3360 826 3416 J.
845 3366 907 3429 304,
926 3364 1037 3418 ocrcbrt
1053 3366 1079 3416 8.
1098 3361 1184 3430 Aup.)

343 3490 370 3548 l.
397 3482 423 3546 0
439 3480 510 3547 lons
526 3482 628 3547 almae
644 3482 807 3563 bonitatis,
1072 3481 1194 3563 Sponte
1209 3477 1298 3544 subit
1312 3476 1474 3542 cruciatus

397 3566 536 3631 Nostrae
551 3585 610 3630 vor
627 3565 818 3634 humilitatis
1073 3566 1178 3631 Morte
1192 3564 1266 3628 lesu
1281 3561 1432 3627 incitatus

397 3648 524 3713 Laudes
539 3650 597 3713 tibi
612 3650 776 3732 deputatis
1073 3649 1177 3729 Digne
1192 3647 1302 3712 Iustus
1316 3644 1389 3709 hinc
1405 3647 1536 3740 uocatus

399 3731 509 3797 Solvet
524 3751 543 3797 a
557 3735 767 3815 praecordiis:
1072 3734 1115 3798 Et
1130 3739 1196 3797 tarn
1211 3750 1246 3796 re
1261 3747 1356 3811 quom
1372 3744 1507 3793 nomme.

398 3816 509 3883 Nostri
525 3817 622 3883 decus
638 3820 677 3884 ob
695 3818 832 3900 patroni,

398 3898 459 3977 Qui
475 3900 594 3965 virtute
609 3903 656 3965 tui
672 3901 747 3966 doni
1017 3908 1046 3967 3.
1073 3900 1173 3965 Nobis
1188 3900 1256 3963 eius
1271 3898 1312 3962 ob
1328 3913 1459 3961 oramen

397 3983 475 4047 Veri
491 3983 575 4048 lator
588 3984 651 4048 fuit
666 3986 739 4050 boni
1073 3984 1177 4048 Tuum
1192 3981 1248 4060 ier,
1266 3982 1401 4060 Christe,
1417 3981 1569 4054 iuvamen,

397 4069 470 4132 Suis
487 4087 506 4131 a
521 4069 711 4150 primordiis.
1072 4066 1116 4132 Es
1130 4073 1242 4132 auctor
1258 4072 1291 4131 et
1307 4064 1460 4160 nominis:

342 4159 370 4216 2.
398 4154 496 4216 Actus
511 4154 612 4233 gessit
627 4155 680 4234 qui
696 4154 812 4219 seniles
1073 4150 1120 4217 Ut
1134 4153 1174 4216 ab
1190 4151 1292 4215 bostis
1308 4149 1383 4214 mali
1398 4147 1473 4213 tebs

395 4237 484 4301 Inter
498 4255 597 4302 annos
613 4238 751 4320 pueriles
1073 4237 1234 4301 Eruamur
1249 4238 1281 4300 et
1296 4234 1328 4298 in
1344 4231 1440 4298 coelis
1463 4313 1469 4327 .

397 4320 479 4386 Vore
495 4326 568 4386 tuus
583 4322 634 4386 bic
649 4321 812 4387 corumiles
1073 4320 1191 4385 Tecum
1208 4338 1264 4384 nos
1279 4318 1393 4383 lactari
1410 4315 1489 4380 velus

396 4404 519 4487 Regum
535 4424 589 4471 rex
604 4413 637 4472 et
651 4407 793 4471 domine:
1073 4406 1208 4471 Domum
1223 4410 1316 4485 pater
1329 4400 1468 4467 luminis.

413 4530 438 4567 a.
458 4513 551 4569 Tcaet.
588 4514 625 4568 Η.
645 4515 735 4570 Morel
753 4515 803 4570 luat
821 4514 877 4567 onir
896 4513 972 4567 dieue
980 4511 1105 4580 Sequens
1116 4510 1329 4582 obpescbricben
1347 4524 1414 4565 orca:
1432 4506 1512 4564 Mira.
1526 4495 1630 4559 anull

341 4600 412 4640 sace.
432 4586 506 4640 XVI.

413 4672 440 4726 b.
459 4669 643 4727 Lcsortcn.
681 4676 706 4742 3,
726 4676 751 4727 3.
770 4670 889 4727 nominis
908 4670 976 4725 oder
995 4669 1124 4738 numnis,
1143 4670 1249 4725 schwer
1266 4684 1304 4723 aa
1321 4668 1403 4722 lesen.

896 4877 1095 4886 ——-.
