3975 5800
892 560 1103 625 ..γεμ-

343 741 372 800 3.
398 732 436 798 In
449 733 511 798 hoc
523 737 614 799 vecte
628 733 742 800 botrus
756 738 877 817 vectus,
1070 735 1163 801 Mare
1178 733 1265 801 cedit
1279 741 1314 800 et
1328 734 1448 817 obedit,

398 819 436 883 ln
451 817 511 882 hoc
525 818 598 900 palo
612 824 815 900 praeerectus
1071 819 1213 885 Mundus
1228 820 1339 900 credit,
1356 824 1389 885 et
1402 820 1528 886 recedit

396 902 528 968 Morbos
544 904 809 969 sanatomuium:
1071 904 1171 969 Error
1186 905 1397 985 ignorantiae.

397 985 458 1050 Hic
472 992 522 1051 est
536 986 639 1052 lectus
654 988 862 1071 praeelectus,
1017 992 1045 1052 5.
1072 989 1159 1069 Ergo
1174 988 1310 1054 mundas
1325 995 1358 1053 et
1372 986 1550 1054 foecundas

397 1069 447 1133 Ex
461 1068 571 1135 electis
588 1076 638 1136 est
653 1072 813 1138 conlectus
1071 1071 1544 1138 Nobisundascruxeffundas

397 1152 702 1221 Liliisconvallium.
1070 1156 1119 1221 Do
1134 1164 1226 1237 petra
1241 1156 1436 1223 dulcedinis:

342 1245 370 1307 4.
396 1236 434 1301 In
448 1237 508 1302 hoc
523 1240 615 1319 signo
629 1240 826 1322 triumphali,
1071 1240 1370 1323 Aquamundauos
1386 1239 1528 1306 emunda

397 1321 434 1386 In
449 1322 509 1388 hac
523 1324 614 1404 virga
627 1325 782 1406 pastorali
1072 1325 1115 1390 Et
1130 1326 1258 1390 coelesti
1273 1344 1330 1390 nos
1348 1324 1506 1391 foecunda

397 1405 498 1488 Virga
513 1409 742 1488 poenitentiae:
1072 1407 1174 1474 Fonte
1189 1410 1408 1491 plenitudinis.
1438 1411 1553 1474 Amen.

412 1512 507 1570 Text.
542 1517 621 1573 Miss.
639 1516 719 1572 fratr.
740 1520 817 1572 1520.

682 1691 733 1752 74.
776 1685 829 1751 De
849 1686 1027 1753 inventione
1047 1693 1177 1753 sanctae
1198 1688 1310 1753 erneis.

340 1801 428 1870 Haec
443 1808 554 1870 sancta
569 1804 767 1870 sollemnitas
782 1804 1032 1873 sollemnitatum
1047 1807 1114 1888 rogi
1129 1807 1289 1872 coelorum
1305 1813 1424 1874 nostro.

413 1911 504 1968 Teet.
542 1913 643 1969 Daniel
662 1913 696 1985 V,
715 1917 758 1970 65.
777 1915 827 1970 lant
844 1915 940 1971 diesen
958 1917 1039 1970 einen
1060 1915 1129 1971 Vera
1149 1933 1201 1972 ans
1221 1916 1286 1972 Cod.
1297 1916 1323 1972 S.
1334 1916 1406 1972 Gall.
1415 1917 1468 1971 546
1487 1912 1589 1985 (Braud

669 2091 718 2152 75.
762 2086 805 2151 In
834 2087 1025 2153 exaltatione
1053 2092 1182 2154 sanetae
1210 2087 1323 2151 erneis.

728 2187 844 2256 (Auctor
862 2196 906 2245 est
923 2189 1014 2245 Adam
1033 2189 1067 2245 da
1086 2191 1113 2245 S.
1132 2189 1265 2259 Victore.)

366 2302 392 2360 1.
412 2293 506 2358 Salve
521 2312 607 2372 crux,
624 2296 720 2361 arbor
1038 2302 1066 2363 6.
1086 2297 1247 2363 Medicina
1261 2316 1339 2363 vera

410 2377 506 2443 Vitae
521 2378 694 2460 praeclara,
1086 2382 1233 2449 Christus
1248 2383 1280 2446 in
1295 2385 1419 2446 statera

412 2461 530 2526 Christi
545 2463 705 2543 vexillum,
1085 2466 1196 2532 Crucis
1210 2471 1261 2532 est
1274 2465 1450 2530 distractus

412 2545 560 2611 Thronus
575 2552 609 2611 et
624 2566 690 2615 ara.
1084 2551 1290 2633 Pretiumque
1304 2548 1407 2615 iactus

363 2635 392 2695 2.
411 2629 437 2695 0
454 2629 689 2711 cruxprofanis
1085 2634 1187 2701 Solvit
1200 2634 1314 2700 mortis
1328 2634 1410 2699 iura.

411 2715 584 2812 Τθῐῑθῐβῑ,
591 2717 694 2812 ruina,
1037 2768 1066 2827 7.
1085 2762 1170 2827 Crux
1185 2766 1236 2826 cst
1252 2763 1382 2824 nostrae

412 2799 657 2896 noanneane
1085 2844 1349 2924 ntoraiustnne,

411 2885 523 2951 Virtus
539 2901 573 2949 es
589 2883 706 2966 drvrna,
1085 2930 1251 3013 Sceptrum
1265 2929 1359 3010 regis,

363 3052 391 3116 3.
410 2967 708 3136 ξῖιῖῖὲἐρῗὲἑῖἓᾶ
1085 3015 1185 3097 Virga
1199 3014 1371 3097 potentiae.

412 3137 531 3203 Contra
546 3138 753 3221 Maxentium,
1036 3147 1067 3208 8.
1088 3138 1182 3215 Crux,
1198 3139 1348 3204 coelestis

411 3222 459 3287 Tu
475 3223 661 3304 proeliantis
1085 3225 1217 3306 Signum
1231 3223 1395 3299 victoriae,

412 3308 505 3373 quta
519 3307 703 3374 Danubium
902 3311 916 3342 ⁶
1084 3309 1167 3374 Belli
1181 3308 1281 3373 robur
1515 3379 1517 3384 ,

413 3392 615 3457 Constantini
630 3391 741 3472 gloria.
1083 3394 1127 3458 Et
1140 3393 1249 3475 palma
1263 3391 1393 3473 gloriae.

363 3473 392 3537 4.
411 3474 536 3541 Faveas
550 3475 699 3541 Heraclio
1037 3522 1055 3582 9
1086 3518 1135 3583 Tu
1150 3519 1237 3583 scala
1263 3524 1300 3583 ,u
1317 3519 1408 3595 ratis,

411 3558 747 3743 t'dllttttllln.
1084 3601 1420 3770 lgbqgsggssgggls

411 3729 674 3894 ἷῖἒῃῖθέιῗὲἓῗ
1085 3772 1133 3836 Tu
1148 3771 1188 3837 de
1203 3772 1353 3870 membris
1368 3766 1487 3868 Christi

1084 3856 1240 3922 Decorem
1254 3861 1381 3922 traxisti

363 3897 803 4061 5.D)1?Vgitscllr¹tn¹}ffifflm‚
1084 3941 1209 4023 Regum
1224 3939 1382 4006 diadema.

411 4063 561 4144 Sublime,
577 4064 778 4148 profundum,
1018 4073 1067 4132 10.
1086 4067 1147 4132 Per
1162 4073 1195 4131 te
1210 4067 1312 4145 nobis,
1328 4082 1405 4129 crux
1418 4061 1523 4140 beata,

412 4148 536 4214 Sanctis
551 4150 765 4231 propalatum,
1088 4150 1171 4215 Crux
1187 4168 1300 4215 cruore
1314 4149 1517 4226 consecrata,

412 4232 574 4310 Quadrum
590 4232 859 4299 salvatmundum
1086 4236 1287 4317 sempiterna
1301 4233 1419 4314 gaudia

412 4318 478 4384 Sub
494 4318 607 4400 quadri
623 4318 734 4400 figura.
1087 4319 1151 4385 Det
1165 4337 1305 4402 superna
1319 4317 1432 4399 gratia.
1461 4315 1571 4377 Amen.

412 4442 436 4480 a.
455 4426 549 4481 Tent.
586 4427 670 4481 Mona
689 4428 741 4482 No.
764 4430 822 4481 108.
841 4426 877 4495 (1,
898 4427 968 4492 142.)
987 4428 1047 4482 und
1065 4429 1165 4483 Daniel
1183 4430 1216 4498 V,
1235 4432 1278 4483 90.
1297 4443 1350 4482 aaa
1369 4424 1434 4480 Cod.
1454 4423 1480 4478 S.
1500 4417 1570 4474 Gall·

342 4499 489 4566 (Brander)
507 4501 559 4553 neit
578 4501 627 4554 der
646 4497 772 4561 Meton-ia,
788 4497 847 4553 und
864 4499 925 4551 ἀεπι
942 4498 1077 4553 Beiaote:
1095 4500 1212 4570 pulchra
1230 4499 1376 4569 sequentia
1394 4493 1502 4563 antiqui
1527 4489 1589 4545 alicr

342 4570 570 4639 sanctigallensis
589 4570 723 4625 coenobii.
743 4599 777 4610 -
796 4570 896 4624 Daniel
914 4571 950 4638 Il,
969 4574 1013 4626 84.
1032 4572 1082 4625 dat
1101 4573 1147 4627 die
1164 4577 1189 4626 1.
1208 4572 1265 4627 Str.
1280 4602 1314 4612 -
1326 4569 1459 4625 Clichtov.
1478 4562 1527 4632 IV,
1545 4564 1589 4615 21¹.

411 4658 437 4711 b.
457 4658 640 4714 Leaarten.
680 4661 703 4725 1,
722 4660 747 4712 3.
776 4657 844 4712 Vex.
874 4657 937 4712 Chr.
957 4659 1055 4713 Clicht.
1075 4678 1102 4714 n.
1122 4661 1192 4715 Dan.
1212 4663 1238 4728 2,
1257 4662 1300 4714 84.
1329 4688 1364 4699 -
1391 4660 1417 4724 2,
1438 4658 1461 4710 l.
1489 4649 1589 4722 Pr⁰lll¹¹

343 4727 439 4783 Clicht.
459 4729 561 4785 Tortor
580 4736 608 4785 et
626 4746 649 4784 r.
667 4729 743 4783 Mon.
763 4728 833 4782 Dan.
853 4759 886 4770 —
905 4733 930 4798 4,
950 4734 974 4786 3.
993 4733 1130 4801 prophan.
1150 4732 1247 4788 Clicht.

417 4832 440 4870 c.
458 4815 615 4872 Bemerl.
653 4822 677 4873 ὅ.
697 4816 773 4888 „Die
791 4817 963 4888 oiertlaea'liqe
982 4818 1093 4875 Geatolt
1112 4821 1160 4875 des
1178 4818 1305 4875 Kreones
1321 4820 1361 4874 ist
1378 4818 1441 4871 dier
1458 4813 1512 4881 anf
1527 4809 1589 4863 diet

346 4884 555 4959 weltgegenden
574 4891 701 4961 teeoqen,
720 4889 784 4944 weil
801 4890 847 4945 die
865 4888 1009 4962 Eridanng
1028 4892 1073 4947 die
1090 4909 1180 4963 ganne
1202 4890 1275 4949 Welt
1292 4889 1439 4961 nmfoast.“
1474 4885 1565 4939 Mone-

897 5015 1098 5029 ¹¹-—
