3975 5800
874 510 1106 579 -eee-

233 716 236 722 ·
345 691 375 754 2.
402 686 571 757 castitatis
584 690 687 757 lilium

402 773 485 840 Olim
502 774 689 841 custodistis

400 858 536 942 Propter
549 858 608 925 Dei
624 858 750 940 Filium,

401 940 459 1008 Cui
474 944 651 1026 placuistis,

401 1025 567 1110 Templum
582 1027 691 1096 Sancti
706 1026 846 1110 Spiritus

401 1110 484 1178 Esse
499 1113 661 1192 voluistls;

400 1194 518 1262 Tactus
534 1203 567 1262 et
581 1195 765 1263 concubitus

401 1278 478 1346 Ideo
494 1278 630 1362 fugistis.

346 1534 375 1595 3.
400 1531 495 1597 Flore
509 1531 683 1614 pudicitiae

403 1616 541 1682 Vestrae
558 1620 731 1696 reservato,

405 1699 549 1766 Carnalis
563 1700 714 1766 lasciviae

404 1784 496 1852 Motu
510 1783 680 1863 refrenato,

401 1868 522 1936 Debito
538 1868 717 1935 mundiciac

403 1952 550 2019 Praemio
565 1954 683 2020 donato

402 2037 560 2104 Assidetis
577 2038 683 2103 sociae

402 2122 562 2205 Virginali
578 2122 672 2188 Nato.

1017 693 1047 757 4.
1073 688 1145 757 Non
1159 689 1238 757 estis
1253 688 1294 757 de
1308 686 1418 771 fatuis,

1073 772 1163 852 Quae
1178 791 1249 841 cum
1263 773 1351 841 vasis
1365 772 1479 841 vacuis

1074 858 1236 927 Christum
1251 858 1508 943 praestolantur:

1074 943 1175 1009 Immo
1190 942 1230 1009 de
1243 943 1464 1027 prudentibus,

1074 1026 1163 1107 Quae
1176 1026 1280 1110 plenis
1294 1026 1500 1110 lampadibus

1073 1112 1162 1178 Bene
1175 1119 1422 1194 praeparantur.

1019 1196 1047 1257 5.
1074 1196 1186 1263 Fatuis
1201 1194 1378 1277 virginibus

1073 1280 1153 1347 Oleo
1166 1280 1347 1347 carentibus

1075 1363 1218 1448 Sponsus
1232 1368 1283 1430 est
1297 1364 1460 1430 dicturus:

1074 1449 1175 1516 Vobis
1189 1467 1253 1516 non
1267 1448 1418 1532 aperiam,

1072 1532 1252 1600 Prudentes
1266 1532 1417 1615 recipiam

1074 1617 1255 1683 Praemium
1270 1617 1417 1683 daturus.

1020 1696 1048 1761 6.
1075 1701 1125 1782 Ν.,
1140 1701 1189 1767 vir
1212 1699 1436 1781 eveneranda,

1076 1783 1174 1852 Cuius
1188 1719 1272 1852 {esta
1286 1782 1481 1852 celebranda

1075 1870 1253 1936 Redierunt
1265 1887 1383 1949 annua,

1077 1954 1185 2034 Casta,
1201 1953 1340 2038 prudens
1355 1956 1388 2019 et
1402 1950 1520 2032 tidelis,

1076 2039 1178 2105 Nobis
1193 2039 1364 2123 impetrare
1378 2036 1460 2103 velis

1077 2121 1202 2188 Gaudia
1216 2128 1382 2206 perpetua.
1413 2122 1527 2187 Amen.

412 2247 438 2286 a.
457 2229 552 2286 Text.
588 2231 669 2286 Mica.
686 2230 767 2285 irate.
785 2229 874 2287 Paria
896 2232 965 2286 1520
983 2230 1036 2301 (Δ).
1056 2263 1090 2274 -
1120 2232 1209 2288 Neale
1227 2250 1254 2303 p.
1273 2234 1335 2288 243.
1354 2247 1370 2287 e
1389 2231 1468 2288 Nise.
1488 2228 1614 2288 Redones

344 2304 412 2358 1523
431 2302 475 2373 (Β)
495 2311 523 2358 et
541 2302 718 2359 Narbonensi
738 2304 807 2358 1528
826 2302 877 2372 (Ο).
896 2330 930 2342 -
949 2302 1051 2358 Daniel
1069 2303 1103 2372 V,
1123 2307 1184 2360 346.
1202 2305 1253 2359 bot
1272 2304 1325 2358 deu
1343 2301 1415 2358 Text
1435 2318 1489 2359 aces
1509 2302 1600 2361 Neela

412 2390 439 2445 b.
458 2389 644 2445 Leearten.
684 2394 707 2458 l,
726 2393 751 2446 6.
771 2388 938 2445 sublimatae
956 2390 987 2445 B.
1008 2421 1042 2432 -
1062 2395 1078 2446 4
1096 2391 1226 2462 esculea
1243 2392 1275 2446 in
1292 2391 1350 2462 AC,
1379 2391 1468 2461 dastir
1485 2391 1601 2449 attilia

337 2462 469 2531 soluenda
486 2461 730 2533 Seblusestropbe:

741 2549 796 2606 Ubi
815 2551 910 2620 sponsi
929 2550 1069 2606 consortie

739 2623 891 2693 Amplexus
910 2629 938 2678 et
956 2621 1057 2677 solatia

740 2694 877 2750 Obtinetie
895 2693 925 2748 in
943 2694 1048 2762 requie.

738 2766 783 2821 Ad
801 2780 883 2835 quam
901 2763 965 2822 lons
983 2764 1172 2834 indulgentiae

738 2837 797 2894 Nos
816 2837 950 2908 perducat
968 2842 1032 2908 post
1050 2836 1149 2893 anxiae

739 2910 822 2966 Vitae
840 2910 923 2965 huius
942 2909 1034 2965 stadia

739 2981 794 3036 Per
812 2989 905 3038 vestra
923 2980 1065 3052 suffragia.
1101 2982 1198 3037 Amen.

470 3212 483 3233 ⁰
552 3243 624 3306 479.
668 3238 711 3303 In
731 3239 889 3305 communi
909 3239 1008 3305 auitas
1028 3238 1163 3322 viminis
1182 3258 1247 3305 aon
1269 3239 1431 3324 martyris.

344 3381 371 3439 l.
400 3373 448 3438 De
462 3374 601 3456 quinque
615 3373 827 3456 prudentibus

400 3455 557 3524 Canamus
571 3456 769 3539 Virginibus,

400 3540 489 3619 Quae
505 3547 710 3626 sumpsemnt
725 3542 840 3623 oleum,

398 3623 539 3702 Quarum
555 3643 666 3693 carnes
685 3644 826 3708 azymae,

397 3709 441 3774 Et
454 3709 564 3776 fideles
580 3711 706 3777 animae

396 3792 591 3860 Exultaruut
604 3796 639 3860 in
653 3794 777 3892 Deum⁴

341 3923 370 3983 2.
396 3918 518 3984 Harum
535 3937 659 3987 summa
673 3919 797 4003 gloriae

396 4002 490 4068 Nitor
505 4005 728 4079 eonscientiae,

396 4084 529 4152 Nubant
544 4087 625 4154 Filio
639 4088 716 4154 Dei:

396 4167 442 4235 Ut
456 4171 575 4237 Rachel
591 4173 745 4240 amabiles

394 4253 438 4319 Et
452 4254 682 4323 desiderabiles

394 4338 494 4406 Totae
510 4338 614 4408 laetae
631 4348 707 4407 sunt
721 4344 759 4408 ei.

341 4474 369 4533 3.
395 4465 523 4547 Agnum
538 4463 697 4550 Sponsum
711 4466 889 4550 Virginum,

392 4550 500 4616 Iesum
515 4549 677 4618 Christum
692 4551 861 4617 Dominum

1071 3376 1264 3456 Sequuntur,
1275 3392 1338 3457 quo
1353 3375 1444 3441 ierit:

1070 3459 1195 3525 Novom
1210 3465 1341 3525 cantant
1356 3459 1527 3541 canticum,

1072 3542 1241 3624 Caelitum,
1257 3542 1445 3626 angelicum,

1072 3628 1164 3707 Quod
1179 3628 1326 3694 miranda
1340 3626 1464 3694 fecerit.

1015 3713 1044 3773 4.
1070 3712 1170 3778 Albas
1186 3711 1343 3780 habentes
1359 3712 1471 3787 stolas,

990 3873 993 3882 Ι
1070 3797 1193 3862 Aureae
1209 3798 1364 3877 aureolas,

1070 3881 1092 3947 S
1116 3899 1193 3946 onso
1209 3881 1336 3964 placent
1353 3880 1544 3963 plurimum3

1101 3966 1181 4030 escit
1195 3966 1289 4030 homo
1304 3966 1442 4048 pretium

1072 4049 1166 4114 Vitae
1180 4050 1419 4130 continentium,

1071 4131 1133 4209 Qui
1148 4133 1181 4199 in
1197 4139 1284 4199 terna
1299 4134 1388 4211 vivit,

1070 4217 1174 4283 Suave
1189 4217 1364 4283 viventium

1071 4300 1156 4366 Grex
1171 4302 1275 4368 fidelis
1290 4303 1430 4369 omnium

1069 4383 1238 4468 Virginum
1252 4386 1312 4453 hoc
1329 4388 1432 4467 scivit,

1069 4467 1131 4545 Qui
1146 4477 1279 4537 exorent
1292 4472 1464 4537 Dominum

1069 4553 1132 4619 Pro
1148 4555 1252 4622 salute
1267 4556 1439 4621 hominum.
1469 4554 1579 4621 Amen.

408 4657 503 4716 Τοῖσι.
540 4661 628 4717 Neale
645 4678 672 4731 p.
691 4663 753 4718 245.
772 4660 885 4718 eilias.
904 4658 1063 4720 Redonensi
1083 4665 1160 4719 1523.

891 4851 1090 4861 m
