3975 5800
865 627 903 639 -
949 593 1095 655 368-

530 784 599 842 531.
645 777 695 841 Ile
716 778 835 843 sitiretis·
859 778 946 841 insto
968 784 997 843 el
1021 780 1175 847 Clerrrmtte
1197 776 1441 863 eoresesseribrrs.

358 918 383 974 l.
407 912 546 975 tiloriam
562 914 683 976 aeterni
700 913 805 978 Patris
821 914 852 976 in
867 912 986 977 sanetis
1002 913 1069 978 suis
1084 932 1272 980 veneramur
1287 931 1398 979 omues
1412 912 1539 979 sonoris
1554 912 1629 977 voci·

482 998 542 1059 hns
559 997 794 1062 ‹nrrnorrlantes

355 1084 383 1141 2.
407 1078 466 1153 an
484 1100 619 1160 regnans
634 1082 665 1144 in
681 1082 776 1145 enelis
791 1090 973 1146 sarretorum
989 1082 1138 1163 splendor
1153 1091 1204 1148 est
1219 1081 1384 1147 mirabilis.

354 1170 383 1225 :a
407 1164 503 1228 (hrins
518 1166 623 1243 gratia
639 1164 709 1228 laen
725 1165 886 1229 haeretica
901 1166 1010 1246 procul
1027 1166 1159 1231 recessit
1174 1186 1193 1231 a
1207 1166 1332 1232 Tuscia.

354 1253 382 1309 l.
408 1246 492 1312 l'rhs
509 1249 650 1313 ,triennia
666 1248 792 1313 ernian
808 1250 938 1314 erednla
952 1250 988 1315 lit
1004 1270 1061 1332 per
1076 1254 1256 1316 sarretorum
1272 1248 1434 1329 srrliragia.

356 1338 383 1392 n.
409 1332 581 1396 Varnlalira
597 1353 676 1413 gem
692 1333 810 1399 Christi
827 1334 974 1415 populum
991 1353 1229 1416 praeoccupans
1244 1336 1343 1400 cinxit
1357 1352 1416 1415 per
1430 1330 1594 1409 circulum,

355 1420 383 1476 b.
409 1414 451 1478 l't
465 1417 626 1479 snbrlitmn
644 1420 757 1495 malens
773 1418 963 1481 catholicum
980 1418 1151 1499 perimeret
1165 1417 1257 1485 furnis
1271 1438 1329 1500 per
1344 1418 1523 1482 interitum.

357 1506 383 1561 7.
408 1498 469 1562 Sel
491 1502 531 1564 ml
546 1500 715 1645 {Ilrristnm
741 1500 887 1566 Clemens
907 1509 940 1566 et
960 1502 1070 1568 Iustus
1085 1502 1223 1586 profusis
1239 1504 1398 1586 precibus,
1423 1498 1517 1565 flexis
1533 1506 1631 1566 terrae

483 1604 553 1661 {reem
569 1605 623 1658 ins,

355 1674 383 1729 8.
409 1667 544 1731 Possunt
561 1670 619 1732 sihi
636 1670 727 1750 panis
743 1680 775 1733 et
789 1671 847 1734 tihi
863 1689 921 1750 per
938 1671 995 1735 llei
1011 1672 1148 1753 gratiam
1163 1671 1302 1737 exhiberi
1319 1672 1454 1751 copiam.

356 1764 383 1815 o.
410 1752 585 1900 llill'npffihmt
610 1754 717 1818 hstes
743 1760 785 1833 te,
812 1754 948 1834 Christe,
974 1756 1148 1821 sentientes
1173 1758 1292 1821 sanetis
1318 1756 1475 1822 assistere
1498 1750 1632 1817 inomni

483 1859 499 1899 a
538 1839 661 1901 lotione.

337 1926 384 1983 lb.
409 1921 567 1985 hnemriae
584 1924 666 1986 eires
681 1923 711 1986 in
728 1921 789 1987 liele
804 1922 1014 2002 persistentes
1029 1924 1131 1991 Deum
1148 1923 1335 2007 glorificant,
1358 1923 1413 2003 oui
1438 1921 1545 1988 salvat
1556 1920 1589 1987 in
1602 1937 1632 1986 se

484 2018 658 2086 sper-ames.

338 2093 385 2151 ll.
411 2090 486 2153 Post
502 2090 560 2153 hoe
574 2091 676 2154 hnnmr
692 2110 753 2155 non
770 2091 863 2170 longe
884 2099 976 2157 extra
999 2093 1087 2158 urbis
1103 2092 1226 2157 moenia
1248 2090 1460 2156 emundantes
1475 2094 1633 2173 serpentes

486 2174 596 2253 linerent
613 2184 642 2239 et
659 2175 835 2239 eleemonis.

338 2261 385 2320 12.
409 2258 455 2320 lbi
482 2258 606 2322 ieiuniis
632 2261 788 2323 instantes
814 2260 964 2340 operibns
989 2260 1080 2325 bonis
1102 2258 1305 2325 inhaerentes
1327 2258 1395 2323 Deo
1418 2258 1557 2341 placitas
1577 2274 1633 2323 uuo

486 2350 644 2406 nromento
659 2343 797 2407 rmhlnnt
812 2345 944 2409 animas,

339 2430 385 2487 13.
410 2426 528 2489 lla-mn
557 2426 716 2503 srrli'raeiis
742 2428 894 2505 iuvemnr,
921 2433 958 2493 nt
982 2430 1015 2493 in
1041 2429 1136 2493 melis
1161 2430 1279 2509 iugiter
1303 2427 1460 2494 laetemur
1483 2423 1635 2493 coniuncti

489 2511 633 2581 Domino,
649 2512 738 2575 linito
754 2512 862 2575 nnnnli
878 2514 971 2577 hrrins
991 2514 1137 2577 termino.

341 2597 385 2656 ll.
409 2592 500 2667 erenl
517 2596 582 2674 ipse
599 2597 689 2658 nohis
706 2597 867 2667 corruebat,
883 2597 937 2678 qui
953 2596 1032 2662 vivit
1048 2603 1080 2661 et
1095 2601 1217 2677 regnat.

407 2701 499 2754 l'eet.
535 2704 613 2758 illies,
633 2704 757 2772 blegent.
779 2708 855 2758 1507.

623 3129 692 3186 535.
736 3121 788 3187 De
808 3143 833 3186 s.
858 3121 1011 3187 Clerrtente
1025 3143 1136 3203 papae
1158 3128 1185 3186 et
1207 3129 1357 3204 irrorlpre.

417 3239 495 3304 (Geb.
516 3256 552 3294 aa
571 3239 652 3309 Rorrr,
671 3239 763 3309 Papet
781 3241 834 3295 seit
853 3244 897 3308 92,
919 3245 988 3310 pest.
1009 3257 1069 3294 ame
1087 3239 1115 3293 J.
1135 3243 1195 3307 101,
1219 3240 1326 3293 oerebrt
1345 3255 1391 3292 am
1410 3243 1455 3293 23.
1475 3237 1563 3308 Noe.)

362 3366 387 3423 l.
411 3361 527 3424 Christi
544 3364 694 3444 ruant-pris
710 3362 849 3426 colamus
863 3361 946 3427 feste
961 3361 1145 3436 Clementis,

359 3451 387 3507 2.
410 3444 469 3520 Qni
486 3445 569 3510 hmm
585 3447 668 3510 diem
685 3448 834 3528 passione
849 3446 978 3527 proprie
991 3444 1067 3510 iecit
1082 3444 1268 3510 sollemnem

359 3533 387 3591 3.
410 3532 515 3609 Atque.
530 3531 621 3594 nobis
637 3530 851 3594 venerandum
868 3531 981 3595 tribuit
997 3547 1066 3594 esse
1083 3527 1259 3593 colendum.

359 3619 387 3677 l.
411 3612 472 3676 Hic
486 3614 622 3693 primum
638 3613 856 3696 philosophiae
878 3613 1001 3679 artibus
1024 3614 1139 3678 claruit
1154 3613 1186 3676 in
1201 3611 1261 3675 hoc
1276 3611 1393 3675 mumlo
1410 3616 1509 3694 atque
1525 3609 1635 3678 saeeuh

488 3698 602 3764 stodiis
618 3704 688 3762 erat
702 3698 855 3763 intentus.

359 3787 387 3847 5.
411 3781 453 3846 Et
468 3787 541 3876 post
555 3783 638 3878 haee
650 3782 815 3878 apostolici
831 3782 991 3862 dogmatis
1006 3780 1190 3862 degustavit
1204 3778 1333 3856 fluenta,
1356 3785 1523 3847 meruerat
1543 3781 1634 3846 etele-

488 3883 555 3928 siae
571 3883 718 3945 eonnmgr
734 3883 854 3930 sacrae.

360 3953 388 4013 6.
412 3948 470 4012 Cui
486 3949 616 4012 donavit
631 3949 744 4013 Petrus
759 3950 924 4030 apostolus
938 3948 1021 4013 hanc
1036 3953 1238 4029 potestatem,

359 4039 387 4097 7.
412 4031 457 4097 Ut
472 4033 562 4096 illum
577 4051 712 4114 sequens
728 4041 820 4114 regat
834 4033 1008 4110 eeclesiam,
1025 4032 1189 4097 dimittens
1204 4030 1339 4112 eulpam.

359 4121 389 4181 8.
412 4115 472 4193 Qui
489 4124 564 4182 tunc
579 4121 710 4197 accepta
725 4123 886 4198 potestate
901 4117 978 4182 data
992 4122 1068 4198 post
1083 4117 1152 4181 eius
1168 4116 1265 4182 vitam
1281 4116 1344 4180 iam
1360 4113 1424 4181 sibi
1440 4115 1633 4182 commissum

488 4209 613 4265 rexerat
628 4202 803 4280 ecelesiam,

360 4292 388 4349 9.
414 4286 565 4350 bistriete
581 4286 693 4365 ligans,
709 4303 789 4366 quos
806 4286 954 4366 cognovit
968 4303 1050 4365 reos,
1066 4285 1169 4366 magis
1183 4287 1341 4364 assuetus,
1362 4282 1416 4364 qui
1432 4282 1525 4365 ligati
1540 4285 1631 4360 eraut,

489 4370 663 4435 elementer
677 4370 853 4435 absolvere.

342 4457 388 4517 10.
413 4453 543 4517 Interim
560 4454 634 4517 ‹lurn
650 4452 768 4518 Christi
785 4454 884 4518 crevit
898 4453 1011 4533 religio
1027 4453 1086 4517 sub
1101 4452 1182 4532 ipse,

341 4543 388 4600 ll.
411 4536 438 4599 E
454 4545 534 4602 nutu
550 4537 609 4602 Dei
625 4538 757 4619 pertulit
771 4537 957 4619 martyrium
973 4556 1031 4619 pro
1047 4535 1184 4614 Christo,

341 4626 389 4685 12.
413 4619 511 4696 Quem
528 4640 639 4688 inerms
654 4622 752 4703 impia
767 4623 877 4686 mersit
892 4621 925 4685 in
941 4639 1040 4694 mare,

342 4709 389 4768 13.
414 4704 593 4770 Obriabant
607 4705 635 4770 ei
651 4705 755 4787 angeli
770 4706 829 4769 llei
845 4711 996 4785 parantes
1011 4705 1216 4782 mansionem,

343 4793 389 4854 14.
412 4785 458 4850 Ut
472 4787 534 4853 iter
550 4792 592 4854 sit
608 4790 750 4854 eredenti
767 4789 883 4872 populo
898 4789 1055 4854 veniendi.

343 4877 390 4935 15.
414 4870 474 4947 Qui
490 4872 552 4937 illis
566 4874 752 4944 subvenisti,
767 4890 850 4939 nunc
865 4874 1017 4938 miserere
1032 4872 1145 4950 nostri,

342 4959 391 5021 16.
414 4956 441 5020 Ο
456 4955 609 5037 Clemens,
625 4957 716 5024 nobis
729 4956 773 5024 sis
788 4957 934 5021 clemens.
