3975 5800
825 534 1055 599 -209-

362 731 387 770 a.
406 712 500 770 Text.
537 716 622 771 Mons
639 716 691 773 No.
710 718 764 773 628
783 719 820 785 (2,
840 717 912 787 316.)
930 735 998 774 cua:
1024 719 1076 774 Hs.
1096 736 1133 774 su
1151 718 1340 787 ldcbtcntltal,
1360 723 1403 775 14.
1422 719 1523 775 Jahrb.
1542 721 1595 777 mit

288 786 342 841 der
362 785 482 841 melodis
499 789 554 858 (A).
590 787 644 843 Hs.
662 790 702 843 im
721 789 849 845 Seminar
867 807 904 844 αα
923 789 1029 857 Terent,
1048 808 1101 846 aas
1117 791 1320 862 plcicbchcr't,
1338 794 1390 847 mit
1409 793 1458 847 der
1470 792 1594 848 Melods'c

287 859 343 927 (B).
363 889 397 898 -
415 856 493 914 Stsbt
512 860 584 915 auch
602 861 640 913 im
660 860 724 915 cod.
744 863 771 918 S.
790 862 861 918 Gall.
881 865 933 918 546
953 862 1108 933 (Brander).

362 947 389 1002 b.
409 945 594 1002 Lcsarten.
633 949 808 1018 1‚1.IbiB.
837 981 870 991 -
898 955 924 1018 2,
943 954 967 1004 2.
987 967 1047 1005 ven.
1066 969 1093 1020 p.
1113 957 1132 1005 t.
1151 952 1182 1005 Β.
1211 983 1245 994 -
1272 957 1341 1020 3,1.
1367 954 1466 1009 aberro
1490 954 1522 1007 B.
1558 983 1593 993 —

286 1020 318 1086 4,
338 1022 363 1074 2.
381 1019 543 1089 principalis
561 1020 595 1074 A.
615 1051 648 1061 -
667 1025 693 1089 5,
712 1025 737 1076 2.
757 1039 799 1091 pr.
819 1022 909 1080 cernis
927 1024 961 1079 A.
981 1051 1016 1064 -
1035 1026 1061 1092 5,
1080 1029 1105 1077 3.
1124 1024 1269 1079 ierarchiis
1287 1025 1344 1079 ΔΒ.

363 1107 814 1180 &mmmmm

661 1377 731 1442 273.
775 1373 826 1439 De
847 1374 937 1441 beato
959 1373 1075 1440 Maron
1095 1372 1226 1456 copiae.

289 1518 318 1579 l.
347 1508 444 1575 Orbis
459 1513 546 1573 totus
561 1509 751 1590 gratuletur,

346 1592 547 1658 Christianus
562 1593 787 1673 praelactetur,

346 1676 480 1759 Signum
495 1695 620 1743 sacrum
636 1679 830 1754 ammiretur,

346 1761 417 1838 Quo
431 1767 557 1827 creator
572 1761 781 1828 collaudetur.

288 1854 320 1914 2.
348 1845 455 1912 Archa
468 1846 537 1912 Noe
552 1845 737 1925 fabricatur,

347 1930 409 1995 Por
422 1948 518 2011 quam
533 1930 670 1995 mundus
684 1930 849 2007 liberatur,

347 2013 494 2079 Thronus
508 2014 577 2096 regi
592 2021 814 2096 praeparatur,

347 2097 441 2163 Ubi.
466 2148 473 2162 .
498 2147 504 2161 .
527 2098 727 2179 impetratur.

287 2190 319 2249 3.
345 2182 446 2264 Virga
461 2182 547 2249 Iesse
563 2184 667 2264 gignit
680 2182 799 2261 florem,

345 2267 425 2349 Apis
440 2266 543 2332 mellis
559 2265 615 2331 dat
630 2266 802 2343 dulcorem,

348 2348 480 2416 Coelum
496 2350 599 2416 stillat
613 2350 704 2415 nobis
720 2369 835 2431 rorem,

348 2433 450 2500 Stella
464 2435 559 2500 Iacob
576 2433 639 2501 lert
654 2434 864 2518 splendorem.

965 1517 994 1577 4.
1021 1509 1108 1574 Haec
1124 1513 1174 1573 est
1187 1509 1305 1573 Hester
1320 1509 1516 1590 imperatrix,
1595 1494 1602 1512 '

1021 1592 1102 1657 Sara
1116 1592 1202 1658 risus
1218 1593 1409 1673 gerreratrix,

1020 1676 1190 1742 Tbecuites
1206 1677 1402 1750 advocatrix,

1021 1760 1130 1826 Iudith
1145 1761 1246 1826 hostis
1261 1759 1496 1842 triumphatrix.

966 1854 994 1915 5.
1021 1845 1195 1910 Paradisus
1210 1844 1384 1927 voluptatis

1020 1929 1080 1994 Est
1094 1929 1206 2005 Maria,
1223 1936 1391 2011 praestans
1405 1928 1508 2009 gratis

1021 2013 1154 2094 Signum
1169 2013 1419 2078 immortalitatis

1021 2097 1070 2162 bd
1085 2096 1204 2162 iontem
1219 2097 1434 2163 iocunditatis.

966 2188 994 2247 6.
1021 2182 1210 2248 Paradisum
1225 2183 1309 2247 bnne
1324 2198 1524 2262 quaeramus,

1023 2264 1137 2332 Cibum
1152 2267 1237 2332 vitae
1252 2267 1437 2346 glutiamus,

1022 2351 1131 2430 Aquas
1147 2350 1256 2415 dulces
1272 2350 1467 2422 hauriamus,

1023 2433 1069 2499 Ut
1082 2433 1217 2499 feliciter
1232 2435 1384 2499 vivamus

363 2540 457 2596 Text.
493 2543 578 2597 Mene
596 2542 649 2597 b'o.
669 2546 721 2597 378
741 2546 776 2614 (2,
796 2543 850 2612 72.)
870 2559 937 2596 aus:
955 2541 1009 2595 Hs.
1026 2558 1063 2596 su
1081 2542 1345 2613 Donaucscbinpen,
1365 2544 1407 2595 11.
1427 2540 1527 2596 Jahrb.
1546 2540 1597 2592 nsit

288 2615 342 2668 der
360 2612 488 2668 Melodie.
509 2644 543 2654 —
562 2612 641 2669 Stebt
660 2615 790 2669 oachim
809 2614 875 2670 Cod.
895 2614 921 2668 S.
940 2614 1011 2668 Gall.
1030 2617 1083 2668 546
1105 2614 1260 2685 (Brander).

662 2918 733 2979 274.
776 2913 829 2980 De
850 2914 940 2980 beatu
961 2913 1078 2979 Maria
1100 2911 1230 2993 virginee.

293 3051 323 3112 l.
350 3042 530 3109 Mirandum
547 3047 785 3113 commercium!

349 3128 492 3208 Virginis
506 3130 539 3195 in
554 3131 709 3209 gremium

348 3212 488 3277 Deitatis

348 3295 392 3362 Et
407 3295 511 3362 camis
529 3299 719 3364 connubium

349 3380 481 3446 Transit
494 3381 536 3447 ad
553 3381 719 3464 imperium

348 3465 492 3531 Pietatis.

291 3606 322 3669 2.
348 3600 453 3682 hapso
468 3619 605 3683 namque
620 3620 736 3682 genere

347 3685 497 3751 Humano
512 3704 570 3768 pro
585 3686 705 3752 scelere

350 3767 464 3834 Matris
478 3768 566 3833 Evae

351 3851 469 3918 Missus
484 3850 525 3916 ad
540 3850 621 3917 hanc
636 3872 772 3935 propere

350 3935 481 4002 Gabriel
498 3953 568 4001 eum
583 3934 712 4002 loedere

351 4019 472 4085 Premit
485 4038 554 4085 ave.

293 4159 325 4219 3.
351 4153 470 4233 ‚‚bve“,
486 4153 599 4235 inquit,
615 4153 748 4235 „Maria

349 4236 464 4302 Gratia
477 4237 581 4318 plena,

350 4321 506 4390 Dominus
521 4326 635 4386 tecum.

351 4404 444 4483 Audi,
458 4405 549 4487 virgo
563 4407 663 4487 regia,

351 4488 418 4554 Nec
434 4489 478 4554 sis
492 4489 601 4563 dubia,

352 4572 463 4639 Parios
479 4572 616 4639 lesum.“

295 4729 325 4788 4.
351 4722 531 4805 Respondit
546 4722 639 4789 haee:
656 4725 836 4805 „quomodo

351 4805 434 4882 Fiet,
450 4807 563 4890 angele
578 4807 661 4874 Del?

353 4891 422 4956 Iam
436 4890 541 4958 virum
554 4911 617 4959 non
632 4894 781 4976 pertuli.“

338 4993 448 5046 Μανία,
465 4995 599 5047 Suessam.

1023 3046 1109 3125 Fert,
1126 3044 1228 3122 ‚,eia“,
1244 3043 1304 3123 bio,
1322 3062 1362 3117 „a
1376 3042 1471 3108 modo

1024 3129 1122 3208 Scies,
1138 3147 1211 3192 nam
1227 3129 1329 3192 virtus
1344 3126 1404 3192 tibi

1024 3212 1236 3279 Obumbrabit
1250 3210 1431 3278 altissimi.“

968 3301 996 3360 5.
1023 3300 1067 3363 At
1082 3297 1186 3378 virgo:
1204 3313 1296 3369 „eece
1311 3294 1428 3360 ancilla
1443 3293 1512 3371 bei,

1023 3383 1106 3460 Fiat,
1122 3387 1159 3446 ut
1174 3379 1313 3444 dixisti.“

1024 3464 1154 3531 Grande
1169 3462 1302 3530 verbum
1316 3464 1350 3529 in
1364 3462 1429 3537 illa,

1024 3550 1117 3627 Quod
1131 3547 1250 3614 lactum
1265 3553 1403 3612 estuare
1421 3544 1550 3613 Christi.

969 3638 997 3696 6.
1024 3635 1100 3701 Mox
1115 3638 1151 3698 ut
1167 3632 1264 3707 „fiat‘
1278 3633 1409 3713 incepit,

1023 3719 1141 3784 Verum
1158 3717 1259 3784 Deum
1274 3716 1420 3798 concepit

1024 3804 1067 3869 Et
1085 3802 1255 3882 hominem,

1024 3887 1104 3965 Quo,
1120 3886 1174 3967 qui
1188 3886 1288 3951 Evam
1305 3883 1438 3964 decepit,

1024 3972 1201 4052 Deceptum
1217 3988 1252 4035 se
1266 3968 1408 4049 decerpit

1025 4056 1085 4119 Per
1099 4055 1264 4134 virginem.

969 4141 999 4197 7·
1024 4137 1199 4204 Ouerbum
1215 4141 1407 4214 nectareum,

1024 4223 1095 4300 Quo
1111 4221 1214 4303 gignit
1228 4219 1334 4301 virgol

1025 4307 1089 4372 Sed
1105 4324 1124 4370 o
1139 4305 1236 4387 virgo,
1256 4321 1339 4387 quae
1354 4303 1457 4368 Deum

1026 4391 1079 4456 Sic
1093 4388 1216 4471 profert
1230 4386 1362 4454 mundol
1448 4468 1454 4481 .

970 4474 999 4534 3.
1026 4476 1186 4553 Quantum
1204 4474 1296 4538 decet
1311 4487 1467 4544 venerari,

1026 4561 1176 4625 Humana
1191 4575 1248 4623 nec
1262 4557 1306 4622 lin
1332 4573 1372 4619 ua
1388 4552 1448 4618 lari

1026 4645 1092 4709 Nec
1107 4642 1242 4724 angelus
1258 4574 1390 4706 sufficit:

1025 4730 1131 4810 Ipsam
1147 4734 1254 4792 tamen
1269 4722 1489 4790 collaudantes

1026 4813 1089 4876 Pro
1104 4810 1234 4877 modulo
1250 4815 1282 4875 et
1297 4813 1427 4873 orantes

1026 4897 1120 4963 Dicat
1134 4897 1267 4980 quisque
1283 4893 1366 4960 sicut
1380 4891 1449 4958 scit.

1358 4998 1396 5062 14
