3975 5800
853 546 1086 614 -olt-

323 732 350 794 3.
377 725 614 808 Oquumdnru
994 738 1024 798 4.
1050 729 1137 809 Ergo
1152 728 1264 795 laudes

375 809 432 876 Fit
445 816 559 875 ustura
1050 811 1321 880 Pellantirnudes

377 893 559 962 Carbonum
575 895 771 961 ardentium:
1050 896 1339 963 Eiiamulantium:

378 978 482 1045 Ornat
495 977 590 1045 funus
1049 981 1130 1047 Nam
1146 982 1200 1063 qni
1216 982 1310 1048 corde

377 1061 461 1128 Puer
476 1079 557 1127 unus
1049 1065 1133 1131 Puro
1149 1066 1242 1131 sorde

377 1144 746 1214 Cumtnrbanobilium.
1049 1148 1157 1216 Poscit
1172 1148 1369 1229 beneficium¹

1051 1233 1169 1318 Sospes
1183 1235 1375 1317 regreditur.
1405 1236 1514 1300 Amen.

391 1337 486 1396 Text.
523 1339 807 1398 nonannoeane.
827 1345 904 1398 1620.

877 1505 1072 1521 *Μ

612 1626 683 1688 759.
726 1622 778 1689 De
798 1641 823 1687 s,
847 1623 967 1706 Aqoete
986 1623 1110 1708 airoino
1131 1629 1160 1689 et
1180 1630 1330 1709 martyre.

561 1736 640 1805 (Get.
659 1740 691 1792 in
709 1737 791 1809 Rom,
808 1746 877 1812 qest.
900 1758 947 1796 um
964 1744 1026 1811 304,
1047 1742 1155 1797 veretrt
1174 1759 1220 1798 am
1237 1747 1281 1799 21.
1299 1741 1378 1811 Jon.)

706 1846 821 1915 (Auctor
839 1854 883 1904 est
899 1847 989 1905 Adam
1007 1847 1042 1904 do
1060 1848 1086 1903 S.
1106 1848 1238 1919 Victore.)

324 1972 351 2031 1.
377 1966 563 2031 Aminemnr
577 1966 618 2032 ad
633 1984 777 2048 agonem,
994 1975 1023 2035 6.
1050 1969 1170 2036 caecus
1185 1987 1295 2036 amans
1311 1968 1377 2035 indi
1424 1973 1497 2034 atur

376 2049 760 2133 Recolentespassioncm
1051 2054 1094 2120 Et
1108 2054 1288 2136 irrumpens
1306 2071 1381 2136 prae
1396 2058 1508 2119 ocatur

378 2134 542 2201 Gloriosus
556 2135 706 2217 virginis:
1050 2138 1231 2220 Amaligno
1246 2138 1377 2220 spiritu:

378 2216 623 2285 Contrectontes
638 2237 764 2286 sacrum
779 2219 900 2302 dorem,
1050 2224 1156 2304 Luget
1192 2226 1271 2301 ater,
1287 2222 1399 2303 lugent
1413 2222 1527 2301 cuncti,

377 2302 641 2385 Respiremusad
657 2303 786 2370 odorem
1050 2308 1153 2373 Roma
1167 2243 1255 2372 iuvit
1270 2324 1327 2388 pro
1341 2304 1482 2371 defuncti

377 2385 756 2469 Respersaednlcedinis.
1050 2389 1334 2457 Iuvenisinteritu.

325 2473 352 2536 2.
377 2471 525 2551 Pulchra,
542 2471 682 2554 prudens
696 2479 730 2539 et
742 2473 880 2541 illustris

376 2556 447 2622 lum
462 2554 585 2622 duobus
599 2556 707 2638 egnes
721 2557 834 2624 lustris

378 2639 529 2706 Addebat
541 2640 733 2708 triennium:
995 2652 1025 2712 7.
1052 2641 1437 2721 Suscitnturabdgnete‚

378 2724 490 2790 Proles
505 2729 592 2790 amat
606 2725 686 2791 hanc
701 2723 863 2808 praefecti,
1049 2726 1156 2794 Turba
1171 2726 1277 2793 tremit
1290 2724 1472 2805 indiscrete,

378 2806 443 2874 Sed
459 2808 500 2874 ad
516 2809 585 2874 eius
601 2808 691 2891 virgo
706 2808 790 2876 flecti
1050 2814 1175 2894 Rognm
1192 2816 1307 2893 purant
1320 2808 1453 2892 virgini:

378 2892 516 2977 Respuit
530 2893 709 2960 arbitrium.
1050 2897 1378 2979 Rogusardonsreos
1395 2892 1470 2974 urit,

325 2973 353 3037 3.
378 2977 462 3045 Mira
476 2979 525 3043 vis
541 2977 625 3056 fidei,
1050 2982 1088 3049 In
1103 2981 1243 3047 furentes
1258 2978 1386 3045 flamma
1403 2976 1482 3044 iurit

378 3061 463 3129 Mira
477 3062 656 3144 virginitas,
1051 3066 1140 3133 Dans
1156 3062 1453 3131 honoremnumini.

378 3145 464 3214 Mira
478 3146 612 3228 virginei

379 3229 492 3296 Gordia
507 3230 687 3313 integritus.

379 3315 433 3382 Sic
446 3313 507 3379 Dei
523 3313 608 3381 filius
994 3324 1025 3386 8.
1052 3316 1169 3383 Grates
1184 3333 1282 3398 agens
1297 3312 1451 3380 salvatori

378 3397 467 3465 Nutu
482 3397 621 3465 mirabili
1051 3397 1499 3474 Gutturoiierthaeelictori,

380 3482 422 3550 Se
436 3482 614 3548 mirabilius
1050 3485 1171 3552 Necod
1187 3486 1297 3552 horam
1313 3483 1502 3548 timetmori

378 3567 492 3634 Prodit
506 3567 539 3632 in
554 3565 672 3649 fragili.
1051 3567 1364 3637 Puritntiseonseia:

326 3646 352 3707 i·
378 3651 526 3732 Languet
539 3667 659 3730 amans
675 3652 771 3719 cubat
785 3653 878 3733 lecto,
1050 3657 1167 3737 Agnes,
1183 3653 1256 3736 agni
1272 3649 1424 3718 salutaris

378 3736 530 3817 Languor
544 3740 640 3801 notus
655 3733 692 3801 tit
705 3735 877 3820 praefecto,
1050 3732 1537 3818 Stansaddextramgioriaris

377 3819 696 3887 Maturatremedin:
1049 3824 1094 3891 Et
1108 3828 1257 3908 parentes
1272 3820 1447 3887 consolaris

379 3901 482 3973 Offert
496 3904 607 3984 multo,
622 3905 759 3989 spondet
771 3905 866 3989 plura
1050 3905 1394 3989 invitansadgaudis.

376 3988 545 4056 Perituros
559 3989 711 4073 peritura,

377 4071 443 4139 Sed
459 4072 614 4140 vilescunt
633 4075 747 4140 omnia.

326 4149 353 4210 5·
376 4157 503 4225 Nudam
519 4157 684 4240 prostituit
993 4165 1024 4229 9.
1049 4159 1097 4226 Ne
1111 4163 1144 4227 tc
1159 4157 1273 4227 tierent
1288 4163 1326 4223 ut
1344 4154 1535 4233 defunctum,

376 4239 513 4307 Praeses
530 4239 672 4324 flagitiis,
1049 4244 1117 4310 Iam
1133 4243 1266 4310 coelesti
1281 4259 1399 4323 sponso
1413 4240 1553 4306 iunctum

377 4323 480 4403 Quam
496 4323 643 4391 Christus
657 4326 763 4392 induit
1049 4329 1110 4395 His
1125 4328 1184 4394 sub
1199 4329 1273 4409 agni
1290 4325 1393 4392 formu
1408 4341 1498 4390 suam

378 4409 548 4474 Gomarum
562 4408 694 4476 fimbriis
1048 4413 1325 4493 Reveiavitatqne
1341 4414 1430 4475 tuam

377 4491 531 4575 Stoloque
545 4495 684 4560 coelesti.
1049 4497 1247 4577 virginatem
1266 4495 1418 4577 gloriani:

377 4577 683 4645 Coelestisnnueius
1048 4581 1116 4646 Nos
1130 4581 1171 4647 ab
1186 4598 1269 4662 agno
1284 4577 1418 4645 solutari

375 4661 510 4728 Assistit
524 4663 665 4759 propius,
1048 4665 1120 4730 Nou
1135 4666 1284 4747 permitte
1301 4662 1454 4745 separari,

376 4745 621 4813 Oellslibrdinis
1049 4746 1108 4813 Cui
1124 4753 1272 4814 tetotnm
1288 4745 1489 4823 consecrasti,

375 4829 432 4896 Fit
447 4829 535 4897 iocus
550 4832 689 4910 luminis,
1048 4832 1222 4916 Guinsope
1238 4831 1410 4898 tueurasti

376 4913 561 4982 Turbuntur
574 4917 698 4984 incesti.
1048 4915 1195 4985 Nobilem
1209 4915 1438 4986 constantiam.

359 5017 474 5071 Me
487 5015 622 5070 Qum·
1378 5021 1418 5087 33
