3975 5800
870 560 1102 624 -270-

363 751 393 809 7.
414 743 457 809 Η1
472 749 548 811 sunt
563 744 643 809 coeli
658 745 856 812 continentes
871 750 995 811 secreta
1010 746 1176 827 eoelestia3

414 829 458 893 Hi
473 835 547 895 sunt
563 829 674 906 nubes,
690 829 773 895 unde
787 835 897 895 manat
911 831 1129 897 doctrinarum
1143 832 1261 913 pluvia.

362 920 392 980 6.
415 913 457 978 Hi
473 919 549 979 sunt
564 914 674 995 templi
689 913 904 992 fundamenta,
921 921 997 980 sunt
1011 920 1132 998 portae,
1148 920 1223 981 sunt
1238 916 1330 998 atria,

415 998 497 1063 Sunt
511 999 605 1063 bases
622 1005 719 1079 atque
735 1000 909 1078 columnae,
927 1001 1045 1081 quibus
1060 1004 1125 1065 stat
1139 1000 1294 1067 Ecclesia.

363 1087 392 1147 9.
416 1082 498 1147 Sunt
512 1082 567 1146 lux
581 1082 699 1162 mundi,
715 1084 821 1162 verbo,
837 1084 923 1148 ritae
938 1083 1138 1150 illustrantes
1154 1085 1268 1167 omnia,

415 1167 497 1231 Sunt
511 1166 558 1231 sal
573 1172 678 1232 terrae
694 1167 878 1232 condientes
892 1186 1016 1233 morum
1032 1168 1252 1251 temperantia.

345 1255 393 1314 10.
416 1250 499 1315 Sunt
513 1257 658 1331 pastores
673 1253 862 1334 populorum
877 1258 1043 1318 servantes
1059 1253 1163 1333 ovilia,

415 1333 498 1399 Sunt
513 1335 667 1413 doctores,
684 1336 886 1401 subditorum
900 1342 1083 1402 exercentes
1098 1338 1214 1403 studia.

345 1422 392 1482 11.
415 1418 538 1482 Horum
555 1420 826 1501 ergo-flagitemus
842 1438 951 1486 omues
967 1421 1152 1504 patrocinia,

414 1500 462 1567 Ut
476 1521 546 1567 curu
561 1502 624 1568 illis
639 1505 838 1585 gratulemur
852 1507 886 1570 in
901 1506 1031 1571 coelesti
1047 1507 1162 1588 patria.
1186 1507 1295 1570 Amen.

413 1628 438 1665 a.
457 1610 553 1665 Text.
591 1613 674 1667 Ilione
694 1613 746 1669 No.
768 1617 821 1670 665
841 1615 877 1683 (3,
897 1616 950 1683 60.)
971 1631 1038 1669 aas:
1062 1614 1115 1669 Hs.
1136 1631 1172 1669 aa
1195 1613 1459 1684 Doaraueaela'aqca,
1484 1617 1529 1668 14.
1550 1611 1639 1668 ert

342 1683 393 1737 orit
411 1682 595 1739 Masillaotea
620 1686 676 1755 (A).
715 1715 749 1725 -
786 1686 1429 1756 1166166212.611166116666166611524
1461 1684 1515 1756 (B).
1552 1684 1641 1741 Daniel

342 1755 376 1824 v,
395 1758 456 1810 aar.

415 1842 441 1895 b.
461 1842 646 1899 Lcaartea.
687 1849 711 1912 1,
731 1848 756 1898 2.
775 1851 859 1913 terre,
878 1860 933 1913 qua
951 1860 1003 1901 sua
1021 1844 1076 1900 iud.
1096 1845 1129 1899 A.
1152 1874 1181 1884 -
1203 1849 1228 1914 2,
1248 1848 1273 1899 2.
1292 1845 1368 1901 llaec
1387 1845 1468 1900 ded.
1488 1875 1524 1886 -
1543 1848 1569 1914 4,
1586 1843 1641 1899 21

342 1914 479 1981 homoque
499 1915 530 1968 B.
550 1945 584 1954 -
602 1917 663 1982 6,1.
683 1915 817 1984 praefecit
835 1918 868 1970 A.
888 1948 922 1957 —
942 1921 968 1984 6,
987 1921 1012 1970 2.
1033 1915 1086 1985 Qui
1105 1917 1149 1972 ub.
1168 1917 1202 1971 A.
1228 1948 1261 1958 -
1286 1921 1311 1984 7,
1333 1921 1355 1971 1.
1376 1933 1445 1973 seer.
1465 1918 1598 1987 mysteria
1613 1916 1641 1972 Δ.

343 2014 376 2025 -
411 1989 435 2052 7,
455 1990 480 2040 2.
500 1986 663 2043 doctrinalis
681 1989 712 2042 B.
741 2019 776 2029 -
804 1991 829 2058 9,
851 1993 873 2042 1.
893 1990 966 2044 vitae
985 1988 1038 2045 Bc.
1065 2019 1099 2029 -
1125 1992 1166 2056 11,
1189 1993 1211 2042 1.
1229 1987 1386 2058 flagitemus
1404 1991 1438 2044 Δ.
1458 2017 1494 2029 -
1522 1993 1564 2058 11,
1582 1992 1641 2044 Sc

343 2058 411 2125 ipsis
429 2058 462 2113 A.

740 2279 810 2341 376.
833 2276 1017 2343 Dosoactis
1029 2275 1254 2358 Eneapelistis.

729 2393 844 2461 (Auctor
863 2398 906 2449 est
923 2391 1012 2446 Adam
1032 2391 1066 2446 do
1084 2391 1110 2447 S.
1131 2391 1263 2461 Victore.)

346 2519 373 2578 1.
399 2513 520 2579 Plausu
536 2514 650 2579 chorus
664 2515 857 2581 laetabundo

400 2598 467 2662 Hos
483 2598 608 2676 attolat,
624 2616 682 2679 per
697 2616 777 2679 quos
791 2599 909 2665 mundo

399 2680 522 2746 Sonent
539 2683 721 2762 evangelia:

401 2766 487 2831 Voce
501 2783 637 2847 quorum
653 2767 740 2832 salus
756 2766 857 2849 fluxit,

400 2850 470 2916 Nox
486 2850 668 2933 praecessit,
684 2856 717 2916 et
731 2851 836 2920 illuxit

400 2934 454 2999 Sol
470 2935 637 3000 illustrans
656 2937 771 3004 omnia.

344 3020 373 3081 2.
401 3017 517 3085 Curam
532 3038 631 3101 agens
651 3021 699 3085 sui
715 3020 821 3102 gregis

398 3104 513 3169 Pastor
527 3104 640 3182 bonus,
658 3110 769 3171 auctor
783 3106 872 3188 legis

399 3189 544 3265 Quatuor
558 3190 716 3254 instituit:

399 3272 521 3349 Quadri
538 3274 624 3339 orbis
640 3275 683 3338 ad
697 3273 855 3339 medelam

398 3357 548 3422 Formam
564 3359 644 3423 iuris
660 3365 693 3422 et
708 3360 863 3424 cautelam

399 3441 461 3505 Per
476 3461 556 3524 quos
572 3442 667 3506 scribi
680 3443 791 3507 voluit.

344 3523 373 3586 3.
400 3525 492 3590 Circa
507 3527 614 3591 thema
632 3526 780 3607 generale

400 3610 509 3675 Habet
523 3611 658 3692 quisque
674 3610 813 3690 speciale

400 3694 473 3760 Stili
488 3694 707 3776 privilegium:

400 3777 487 3855 Quos
501 3777 650 3857 designat
664 3777 697 3841 iu
712 3778 877 3859 propheta,

399 3863 516 3927 Forma
532 3862 636 3941 pietus
652 3863 709 3927 sub
727 3860 866 3927 discreta

401 3945 518 4011 Vultus
533 3944 725 4010 animalium.

344 4027 373 4090 4.
400 4031 527 4095 Ρ611666
543 4032 658 4094 unbem
673 4036 804 4094 nostrae
819 4030 919 4112 molis,

400 4116 548 4181 intuetur
562 4115 656 4179 iubar
671 4115 748 4178 solis

399 4199 536 4263 Ioannes
551 4200 584 4263 in
599 4199 717 4279 aquila,

401 4282 506 4365 Supra
520 4283 625 4348 coelos
641 4282 716 4380 dgm
731 4284 915 4350 conscendit

401 4366 479 4431 Sinu
495 4368 596 4449 patris
612 4368 852 4448 comprehendit

401 4452 521 4517 Natum
537 4456 611 4516 ante
626 4452 763 4517 saecula.

347 4532 376 4594 5·
402 4536 446 4601 Os
461 4536 634 4601 humanum
652 4542 701 4601 est
715 4536 882 4617 Matthaei,

401 4620 591 4685 Inhumana
606 4619 718 4698 forma,
734 4621 794 4686 Dei

402 4705 561 4770 Distentis
576 4706 769 4787 prosapiam,

1074 2514 1172 2579 Cuius
1186 2532 1288 2595 genus
1302 2514 1347 2579 sic
1362 2514 1514 2592 cont-exit,

1074 2598 1165 2677 Quod
1180 2617 1200 2662 a
1215 2600 1315 2679 stirpe
1329 2598 1434 2662 David
1450 2597 1517 2663 exit

1073 2683 1135 2748 Per
1150 2683 1255 2748 carnis
1270 2683 1447 2747 materiam.

1019 2770 1047 2830 6.
1073 2768 1184 2834 Rictus
1199 2766 1289 2832 boris
1304 2766 1410 2831 Lucae
1427 2766 1535 2847 datur,

1073 2852 1110 2917 ln
1126 2870 1190 2934 qua
1203 2850 1306 2917 forma
1320 2848 1478 2932 figruatur

1074 2936 1165 3003 Nova
1181 2935 1326 3002 Christus
1341 2936 1462 3000 hostia:

1074 3023 1139 3086 Ara
1154 3021 1257 3086 crucis
1272 3031 1456 3084 mansuetus

1072 3105 1133 3170 Hie
1149 3108 1318 3177 mactatur,
1332 3104 1378 3169 sie
1392 3109 1426 3167 et
1440 3107 1533 3170 vetus

1073 3190 1204 3255 Transit
1219 3187 1433 3255 observantia.

1019 3275 1046 3332 7.
1072 3273 1133 3339 Est
1148 3273 1248 3339 leonis
1264 3272 1420 3353 rugientis

1073 3359 1181 3424 Marco
1196 3358 1313 3435 vultuS,
1328 3356 1529 3437 resurgentis

1073 3442 1142 3519 Quo
1159 3443 1259 3507 claret
1274 3440 1434 3523 potentia:

1073 3529 1158 3593 Voce
1173 3526 1275 3607 patris
1290 3525 1447 3590 excitatus

1074 3612 1185 3691 Surgit
1199 3610 1355 3688 Christus,
1373 3609 1538 3674 laureatus

1073 3693 1249 3760 Immortali
1265 3695 1377 3774 gloria.

1018 3777 1048 3836 8»
1073 3780 1132 3845 Η16
1147 3779 1312 3860 quadrigis
1328 3778 1518 3859 deportatur

1074 3862 1195 3928 Mundo
1210 3862 1304 3942 11666,
1321 3862 1516 3927 sublimatur

1073 3948 1150 4013 Istis
1165 3946 1262 4012 archa
1276 3946 1430 4022 vectibus,

1074 4031 1222 4096 Paradisi
1237 4032 1317 4095 11666
1335 4029 1456 4093 fluenta

1074 4116 1166 4181 Nova
1180 4114 1291 4194 tluunt,
1308 4116 1520 4189 sacramenta,

1075 4200 1164 4279 Quae
1179 4200 1320 4264 inrorant
1336 4197 1497 4280 gentibus

1019 4278 1048 4338 9-
1074 4285 1147 4350 Nou
1162 4289 1212 4348 est
1228 4283 1339 4348 domus
1355 4282 1491 4358 ruitura,

1074 4369 1144 4434 Hac
1159 4367 1295 4432 subnixa
1309 4366 1518 4448 quadratura,

1075 4452 1163 4518 Haec
1178 4456 1226 4517 est
1241 4451 1354 4516 domus
1371 4448 1515 4514 Domini:

1075 4536 1240 4602 Glorietur
1254 4537 1287 4600 iu
1301 4535 1361 4600 hac
1377 4536 1481 4612 domo,

1076 4620 1146 4697 Qua
1160 4621 1272 4686 beatus
1287 4620 1366 4684 vivit
1380 4619 1484 4698 homo,

1075 4706 1162 4771 Deus
1177 4707 1304 4769 iunctus
1320 4703 1448 4768 homini.

418 4829 442 4867 a.
463 4812 556 4867 Text.
593 4815 676 4869 Mone
694 4813 747 4869 No.
767 4818 819 4869 720
839 4813 874 4884 (3,
895 4815 1052 4880 1601666·
1076 4813 1270 4868 Reioheaoaer
1289 4812 1472 4880 Aratiploanr
1492 4825 1531 4864 au
1548 4807 1648 4863 Karle

346 4883 416 4939 rahe
434 4885 485 4940 No.
505 4888 566 4940 209.
586 4887 631 4940 Bl.
651 4888 694 4941 32.
713 4888 765 4940 mit
784 4887 833 4941 cler
843 4884 976 4953 Melodic,
995 4884 1158 4952 1676166,
1178 4885 1223 4938 dic
1235 4882 1447 4953 Holtstropleen
1465 4898 1503 4936 eu
1516 4879 1648 4937 17666661-

348 4955 450 5012 cladrca
468 4957 648 5027 eiapericlotet
666 4958 722 5030 (Α).
758 4956 811 5013 Hs.
830 4973 867 5012 au
884 4956 1027 5028 Stuttport
1052 4958 1123 5013 Bibl.
1142 4960 1185 5012 20.
1216 4956 1235 5011 i.
1255 4959 1298 5011 78.
1325 4958 1368 5009 14.
1387 4952 1488 5009 dolero.
1508 4953 1563 5025 (Β).
1598 4949 1649 5007 Ila.
