3975 5800
871 662 1102 724 —214-

364 849 392 909 9.
413 845 439 909 Ο
455 844 594 910 vernalis
610 845 752 925 castitas,
1020 849 1068 909 13.
1088 842 1137 908 Ad
1153 847 1186 908 te
1200 843 1254 925 pia
1268 842 1474 924 suspiramus,

411 928 481 1005 Qua
495 933 660 1010 gratanter
674 927 791 1008 floruit,
1088 927 1122 992 Si
1138 947 1200 992 non
1215 926 1317 1006 ducis,
1332 926 1517 1003 deviamus;

412 1013 578 1078 anstiva
592 1013 720 1092 caritas,
768 1097 774 1109 Ι
1088 1013 1174 1091 Ergo
1189 1011 1277 1089 does,
1293 1010 1369 1092 quid
1384 1026 1528 1106 agamus,

411 1096 483 1173 Qua
496 1095 621 1162 ructus
636 1100 801 1164 maturuit.
1086 1096 1163 1161 Post
1177 1094 1260 1160 hune
1272 1094 1368 1160 finem
1381 1098 1420 1158 ut
1433 1109 1581 1160 vivamus

344 1184 392 1245 10.
412 1181 438 1245 0
454 1181 544 1277 virgo
559 1180 774 1278 pulcherrima
1087 1178 1166 1244 Cum
1180 1180 1299 1276 sanetis
1315 1178 1512 1278 perenniter:

411 1264 786 1446 turturinum
1086 1262 1508 1493 pretereuntium,

344 1433 796 1613 irruentium,
1086 1434 1523 1612 interstruunt„

409 1599 460 1749 ξιξ
468 1601 694 1750 {rhpleffigcstrirg
709 1601 786 1750 fflgra
794 1705 801 1748 τ
1088 1598 1153 1665 Fac
1167 1601 1308 1681 gaudere
1324 1605 1452 1681 ruguter.

412 1766 605 1834 clementior
640 1788 696 1834 rae
710 1769 827 1834 ceteris

411 1854 567 1950 Succurre
582 1789 673 1918 nobis
687 1853 821 1931 miseris,
1021 1856 1068 1916 14.
1088 1851 1114 1915 0
1132 1852 1244 1929 Maria,
1259 1851 1312 1916 via
1326 1851 1420 1930 vitae,
1552 1934 1559 1948 .

344 1936 769 2102 ,trutinetur
1087 1934 1607 2085 {refudissentistiu

410 2105 577 2186 Templum
591 2105 651 2171 Dei
667 2103 819 2202 speciale,
1085 2103 1368 2215 Comegnemusut
1385 2102 1516 2219 mim,

316 2298 319 2303 ·
411 2189 523 2352 {guig
533 2188 867 2354 {irbdedldffirenisimum
1086 2188 1315 2350 ignignlglsffl}
1323 2187 1517 2353 {rreblltrglretqem

410 2356 459 2420 Tu
473 2358 613 2423 nobises
629 2357 812 2438 singularia,
1086 2355 1306 2421 Faevivamus
1322 2355 1381 2421 tibi
1399 2355 1495 2436 digne

410 2440 458 2505 Tu
474 2440 655 2521 nosducas,
672 2440 887 2522 steliamaris,
1085 2439 1274 2529 Meritisque
1290 2439 1492 2505 tuaematris

410 2524 817 2691 dittttitdtid‘
1084 2523 1430 2674 tudetiani

394 2717 563 2843 satagenti.
587 2718 746 2844 ‘Mogeng
766 2658 1132 2858 ziabllt2fflsst51{grffigr)fla
1153 2718 1201 2771 dre
1220 2720 1263 2770 15.
1281 2715 1382 2772 Jahrb.
1401 2657 1438 2772 aa
1455 2713 1647 2772 Idrbterrtdal.

341 2819 374 2830 -·
427 2806 441 2843 6
491 2805 545 2843 auc
580 2805 619 2842 tm
661 2805 703 2842 0.
744 2830 750 2843 .
836 2828 843 2841 .
1084 2828 1090 2841 .

410 2876 437 2933 b.
456 2875 639 2931 Leearten.
676 2881 701 2946 4,
720 2880 746 2933 5.
765 2876 870 2931 milium
889 2874 942 2931 Ha.
962 2879 1032 2930 -5
1062 2879 1085 2930 1.
1105 2875 1156 2930 lue.
1176 2877 1255 2932 eund.
1274 2876 1327 2932 Ha.
1347 2908 1380 2917 -
1400 2881 1425 2942 ὅ,
1444 2879 1469 2932 6.
1488 2875 1573 2932 faciet
1591 2874 1645 2930 Ha.

341 2979 375 2989 —
394 2951 420 3017 8,
439 2952 464 3004 3.
484 2949 666 3004 communitas
684 2948 737 3003 Ha.
757 2979 790 2989 -
809 2951 835 3017 9,
854 2952 879 3002 2.
899 2947 986 3016 Quam
1003 2919 1056 3003 H'a.
1085 2979 1119 2989 —
1147 2950 1172 3018 9,
1191 2951 1217 3002 4.
1237 2950 1298 3018 Quo
1317 2950 1410 3005 fructu
1428 2949 1600 3017 Era-12,
1622 2951 1645 3001 1.

339 3020 490 3090 virgineum
510 3020 563 3075 Hs.
582 3051 615 3061 -
635 3019 693 3075 Str.
712 3023 755 3074 13.
774 3020 847 3075 steht
866 3020 938 3075 aucit
957 3025 1043 3074 antea
1060 3021 1092 3074 in
1109 3020 1162 3075 No.
1181 3022 1242 3074 322.

690 3282 761 3346 280.
804 3276 846 3342 In
868 3278 1015 3343 hommem
1035 3276 1171 3359 virpinis
1185 3296 1300 3358 prosa.

341 3413 369 3474 l.
399 3407 510 3475 Gaude
525 3409 641 3476 summi
656 3412 811 3477 creatoris
1072 3408 1129 3490 Tu,
1146 3409 1284 3490 benigna
1297 3406 1494 3490 imperatrix,

397 3492 520 3576 Sponsa
534 3494 685 3574 gloriosa,
1072 3493 1132 3558 Dei
1146 3495 1249 3575 patris
1264 3492 1364 3559 filium

395 3580 464 3642 Ave
478 3578 589 3642 mundi
605 3577 776 3643 salvatoris
1071 3577 1238 3660 Peperisti,
1253 3577 1423 3643 mediatrix

395 3661 500 3726 Mater
515 3661 667 3741 speciosa,
1071 3660 1122 3726 Sis
1137 3661 1198 3726 Dei
1213 3667 1246 3727 et
1260 3662 1433 3727 hominum.

398 3743 492 3809 Salve
507 3744 606 3809 divini
621 3743 755 3825 fulgoris
1015 3752 1045 3811 4.
1071 3744 1184 3811 Gaude
1197 3746 1357 3811 coelorum
1371 3746 1494 3827 regina,

397 3828 499 3894 Stella
514 3828 653 3909 radiosa,
1072 3829 1127 3895 Sol
1142 3830 1242 3895 mirae
1256 3829 1443 3912 fulgentiae,

398 3912 470 3977 Tibi
485 3912 604 3993 gaudia
617 3912 747 3978 honoris
794 3959 798 3967 .
1071 3913 1163 3979 Luna
1178 3914 1359 3997 splendens,
1375 3916 1460 3982 vitae
1475 3913 1535 3996 via,

396 3996 519 4074 Dicam,
535 3995 593 4061 Dei
608 4014 692 4062 rosa.
1072 3999 1157 4063 Fons
1173 4016 1332 4079 supernae
1346 4000 1488 4081 gratiae3

343 4085 371 4144 2.
397 4080 510 4144 Gaude
524 4080 615 4162 virgo
630 4080 810 4163 praeelecta
1072 4083 1154 4146 Nam
1168 4087 1235 4147 tres
1249 4101 1351 4164 reges,
1366 4090 1471 4150 mater
1485 4083 1548 4166 pia,

398 4163 512 4228 Divino
527 4165 670 4243 consitio,
1072 4165 1203 4247 Regalis
1217 4169 1380 4248 potentiae

399 4247 502 4330 Super
518 4267 626 4314 omnes
641 4248 835 4331 praedilecta
1073 4251 1166 4315 Dona
1181 4252 1367 4318 obtuleruut
1384 4255 1448 4318 tria

397 4331 435 4396 lu
451 4338 623 4415 conspectu
638 4333 744 4414 regi0;
1072 4335 1161 4399 Novo
1176 4336 1245 4416 regi
1260 4336 1390 4417 gloriae.

399 4415 471 4481 Tibi
486 4417 567 4481 (lixit
580 4435 655 4482 voce
670 4422 761 4482 recta
1018 4420 1046 4479 5.
1072 4418 1193 4496 Gaude,
1209 4419 1357 4486 laudibus
1372 4420 1485 4486 ditaris

400 4498 530 4565 Gabriel
545 4520 617 4566 cum
632 4500 766 4583 gaudio:
1073 4502 1212 4568 Humilis
1227 4504 1410 4587 benignitas

402 4583 483 4657 „Dei
497 4591 599 4651 mater
614 4604 649 4651 es
667 4584 782 4651 effecta
1074 4586 1117 4649 Et
1133 4604 1204 4651 cum
1219 4587 1288 4655 Deo
1302 4587 1497 4654 collaudaris
1613 4605 1615 4610 ·

399 4667 583 4734 Pneumatis
601 4670 782 4752 mysteri0.“
1074 4668 1264 4737 Sanctorum
1278 4672 1466 4752 iocunditas,

345 4749 374 4811 3.
401 4750 847 4835 Gaudeduiciseonsolatrir,
1075 4753 1155 4818 Cum
1170 4761 1206 4820 tu
1221 4757 1290 4821 nati
1303 4756 1469 4823 meditaris

397 4834 548 4901 Divinum
563 4838 775 4920 praeconium,
1074 4837 1203 4914 Quanta
1217 4844 1267 4905 est
1287 4841 1447 4921 divinitas,

401 4919 604 4985 Inimicorum
621 4921 772 5004 fugatrix,
1075 4922 1286 5005 Resurgentis
1302 4931 1378 4991 tunc
1393 4925 1536 5005 laetaris,

399 5004 538 5073 Deitatis
557 5007 731 5089 speculum,
1075 5006 1155 5073 Cum
1168 5008 1251 5075 luxit
1264 5008 1455 5077 humanitas.
