<?xml version="1.0" encoding="UTF-8"?>
<!DOCTYPE html PUBLIC "-//W3C//DTD XHTML 1.0 Transitional//EN"
    "http://www.w3.org/TR/xhtml1/DTD/xhtml1-transitional.dtd">
<html xmlns="http://www.w3.org/1999/xhtml" xml:lang="en" lang="en">
 <head>
  <title>
</title>
<meta http-equiv="Content-Type" content="text/html;charset=utf-8" />
  <meta name='ocr-system' content='tesseract 3.04.00' />
  <meta name='ocr-capabilities' content='ocr_page ocr_carea ocr_par ocr_line ocrx_word'/>
</head>
<body>
  <div class='ocr_page' id='page_1' title='image "./lateinischesequ00kehrgoog_0459.png"; bbox 0 0 3975 5800; ppageno 0'>
   <div class='ocr_carea' id='block_1_1' title="bbox 878 567 1109 630">
    <p class='ocr_par' dir='ltr' id='par_1_1' title="bbox 878 567 1109 630">
     <span class='ocr_line' id='line_1_1' title="bbox 878 567 1109 630; baseline 0 0"><span class='ocrx_word' id='word_1_1' title='bbox 878 598 919 612; x_wconf 90' lang='lat'>-</span> <span class='ocrx_word' id='word_1_2' title='bbox 962 567 1109 630; x_wconf 81' lang='lat'>440-</span> 
     </span>
    </p>
   </div>
   <div class='ocr_carea' id='block_1_2' title="bbox 697 741 1294 826">
    <p class='ocr_par' dir='ltr' id='par_1_2' title="bbox 697 741 1294 826">
     <span class='ocr_line' id='line_1_2' title="bbox 697 741 1294 826; baseline -0.003 -16"><span class='ocrx_word' id='word_1_3' title='bbox 697 747 768 810; x_wconf 87' lang='grc'><strong>648.</strong></span> <span class='ocrx_word' id='word_1_4' title='bbox 812 741 863 809; x_wconf 85' lang='lat' dir='ltr'><strong>Dc</strong></span> <span class='ocrx_word' id='word_1_5' title='bbox 884 763 910 809; x_wconf 80' lang='lat' dir='ltr'><strong>s,</strong></span> <span class='ocrx_word' id='word_1_6' title='bbox 933 743 1078 810; x_wconf 74' lang='lat' dir='ltr'><strong>Martiae</strong></span> <span class='ocrx_word' id='word_1_7' title='bbox 1100 743 1193 826; x_wconf 80' lang='lat' dir='ltr'><strong>episc.</strong></span> <span class='ocrx_word' id='word_1_8' title='bbox 1219 743 1294 810; x_wconf 80' lang='lat' dir='ltr'><strong>Tur.</strong></span> 
     </span>
    </p>
   </div>
   <div class='ocr_carea' id='block_1_3' title="bbox 346 879 1648 2555">
    <p class='ocr_par' dir='ltr' id='par_1_3' title="bbox 369 879 921 945">
     <span class='ocr_line' id='line_1_3' title="bbox 369 879 921 945; baseline -0.007 0"><span class='ocrx_word' id='word_1_9' title='bbox 369 886 395 945; x_wconf 94' lang='grc'><strong>1.</strong></span> <span class='ocrx_word' id='word_1_10' title='bbox 418 880 509 945; x_wconf 87' lang='lat' dir='ltr'><strong>Tuba</strong></span> <span class='ocrx_word' id='word_1_11' title='bbox 524 887 652 944; x_wconf 87' lang='lat' dir='ltr'><strong>nostrae</strong></span> <span class='ocrx_word' id='word_1_12' title='bbox 668 879 754 943; x_wconf 89' lang='lat' dir='ltr'><strong>vocis</strong></span> <span class='ocrx_word' id='word_1_13' title='bbox 769 879 921 944; x_wconf 84' lang='lat' dir='ltr'><strong>elevetur.</strong></span> 
     </span>
    </p>

    <p class='ocr_par' dir='ltr' id='par_1_4' title="bbox 366 963 1280 1045">
     <span class='ocr_line' id='line_1_4' title="bbox 366 963 1280 1045; baseline -0.002 -17"><span class='ocrx_word' id='word_1_14' title='bbox 366 969 395 1030; x_wconf 86' lang='lat'><strong>2.</strong></span> <span class='ocrx_word' id='word_1_15' title='bbox 418 963 642 1044; x_wconf 83' lang='lat' dir='ltr'><strong>Ascendatque</strong></span> <span class='ocrx_word' id='word_1_16' title='bbox 657 981 754 1045; x_wconf 88' lang='lat' dir='ltr'><strong>super</strong></span> <span class='ocrx_word' id='word_1_17' title='bbox 768 968 856 1027; x_wconf 90' lang='lat' dir='ltr'><strong>astra</strong></span> <span class='ocrx_word' id='word_1_18' title='bbox 870 965 993 1029; x_wconf 89' lang='lat' dir='ltr'><strong>sonitus</strong></span> <span class='ocrx_word' id='word_1_19' title='bbox 1007 965 1109 1029; x_wconf 85' lang='lat' dir='ltr'><strong>nostri</strong></span> <span class='ocrx_word' id='word_1_20' title='bbox 1124 963 1280 1029; x_wconf 87' lang='lat' dir='ltr'><strong>clamoris.</strong></span> 
     </span>
    </p>

    <p class='ocr_par' dir='ltr' id='par_1_5' title="bbox 366 1045 1235 1124">
     <span class='ocr_line' id='line_1_5' title="bbox 366 1045 1235 1124; baseline -0.003 -11"><span class='ocrx_word' id='word_1_21' title='bbox 366 1053 395 1114; x_wconf 86' lang='lat'><strong>3.</strong></span> <span class='ocrx_word' id='word_1_22' title='bbox 419 1047 488 1124; x_wconf 86' lang='lat' dir='ltr'><strong>Quo</strong></span> <span class='ocrx_word' id='word_1_23' title='bbox 503 1048 610 1112; x_wconf 89' lang='lat' dir='ltr'><strong>devoti</strong></span> <span class='ocrx_word' id='word_1_24' title='bbox 626 1045 708 1112; x_wconf 88' lang='lat' dir='ltr'><strong>lesta</strong></span> <span class='ocrx_word' id='word_1_25' title='bbox 723 1065 813 1112; x_wconf 89' lang='lat' dir='ltr'><strong>sacra</strong></span> <span class='ocrx_word' id='word_1_26' title='bbox 828 1047 960 1112; x_wconf 88' lang='lat' dir='ltr'><strong>colimus</strong></span> <span class='ocrx_word' id='word_1_27' title='bbox 976 1048 1077 1113; x_wconf 89' lang='lat' dir='ltr'><strong>sancti</strong></span> <span class='ocrx_word' id='word_1_28' title='bbox 1094 1048 1235 1124; x_wconf 81' lang='lat' dir='ltr'><strong>Martini,</strong></span> 
     </span>
    </p>

    <p class='ocr_par' dir='ltr' id='par_1_6' title="bbox 365 1130 1645 1296">
     <span class='ocr_line' id='line_1_6' title="bbox 365 1130 1645 1211; baseline -0.002 -13"><span class='ocrx_word' id='word_1_29' title='bbox 365 1138 395 1198; x_wconf 84' lang='lat'><strong>4.</strong></span> <span class='ocrx_word' id='word_1_30' title='bbox 418 1131 490 1208; x_wconf 83' lang='lat' dir='ltr'><strong>Qui,</strong></span> <span class='ocrx_word' id='word_1_31' title='bbox 509 1131 612 1195; x_wconf 89' lang='lat' dir='ltr'><strong>adhuc</strong></span> <span class='ocrx_word' id='word_1_32' title='bbox 632 1130 875 1196; x_wconf 85' lang='lat' dir='ltr'><strong>catechumenus</strong></span> <span class='ocrx_word' id='word_1_33' title='bbox 898 1150 968 1196; x_wconf 89' lang='lat' dir='ltr'><strong>curn</strong></span> <span class='ocrx_word' id='word_1_34' title='bbox 991 1136 1087 1211; x_wconf 88' lang='lat' dir='ltr'><strong>esset,</strong></span> <span class='ocrx_word' id='word_1_35' title='bbox 1107 1131 1266 1197; x_wconf 86' lang='lat' dir='ltr'><strong>vestiebat</strong></span> <span class='ocrx_word' id='word_1_36' title='bbox 1279 1131 1448 1211; x_wconf 82' lang='lat' dir='ltr'><strong>leprosum,</strong></span> <span class='ocrx_word' id='word_1_37' title='bbox 1468 1130 1573 1196; x_wconf 85' lang='lat' dir='ltr'><strong>diviso</strong></span> <span class='ocrx_word' id='word_1_38' title='bbox 1589 1147 1645 1197; x_wconf 89' lang='lat' dir='ltr'><strong>suu</strong></span> 
     </span>
     <span class='ocr_line' id='line_1_7' title="bbox 494 1215 1497 1296; baseline 0.005 -17"><span class='ocrx_word' id='word_1_39' title='bbox 494 1215 601 1296; x_wconf 85' lang='lat' dir='ltr'><strong>pallio,</strong></span> <span class='ocrx_word' id='word_1_40' title='bbox 617 1231 678 1294; x_wconf 88' lang='lat' dir='ltr'><strong>quo</strong></span> <span class='ocrx_word' id='word_1_41' title='bbox 694 1232 770 1280; x_wconf 89' lang='lat' dir='ltr'><strong>usus</strong></span> <span class='ocrx_word' id='word_1_42' title='bbox 785 1220 863 1291; x_wconf 75' lang='lat' dir='ltr'><strong>erat,</strong></span> <span class='ocrx_word' id='word_1_43' title='bbox 1492 1258 1497 1267; x_wconf 85' lang='lat'>-</span> 
     </span>
    </p>

    <p class='ocr_par' dir='ltr' id='par_1_7' title="bbox 367 1297 1648 1464">
     <span class='ocr_line' id='line_1_8' title="bbox 367 1297 1648 1382; baseline 0 -19"><span class='ocrx_word' id='word_1_44' title='bbox 367 1304 395 1365; x_wconf 83' lang='lat'><strong>5.</strong></span> <span class='ocrx_word' id='word_1_45' title='bbox 418 1298 461 1364; x_wconf 87' lang='lat' dir='ltr'><strong>Et</strong></span> <span class='ocrx_word' id='word_1_46' title='bbox 475 1298 569 1376; x_wconf 83' lang='lat' dir='ltr'><strong>unde,</strong></span> <span class='ocrx_word' id='word_1_47' title='bbox 591 1315 662 1363; x_wconf 92' lang='lat' dir='ltr'><strong>cum</strong></span> <span class='ocrx_word' id='word_1_48' title='bbox 677 1299 795 1365; x_wconf 87' lang='lat' dir='ltr'><strong>iaceret</strong></span> <span class='ocrx_word' id='word_1_49' title='bbox 810 1299 842 1364; x_wconf 90' lang='lat' dir='ltr'><strong>in</strong></span> <span class='ocrx_word' id='word_1_50' title='bbox 856 1299 984 1377; x_wconf 77' lang='lat' dir='ltr'><strong>lectulo,</strong></span> <span class='ocrx_word' id='word_1_51' title='bbox 1007 1300 1067 1365; x_wconf 93' lang='lat' dir='ltr'><strong>hoc</strong></span> <span class='ocrx_word' id='word_1_52' title='bbox 1087 1302 1158 1382; x_wconf 92' lang='lat' dir='ltr'><strong>ipso</strong></span> <span class='ocrx_word' id='word_1_53' title='bbox 1179 1298 1364 1365; x_wconf 89' lang='lat' dir='ltr'><strong>indumento</strong></span> <span class='ocrx_word' id='word_1_54' title='bbox 1380 1297 1544 1368; x_wconf 83' lang='lat' dir='ltr'><strong>Christum</strong></span> <span class='ocrx_word' id='word_1_55' title='bbox 1567 1297 1648 1364; x_wconf 85' lang='lat' dir='ltr'><strong>vidit</strong></span> 
     </span>
     <span class='ocr_line' id='line_1_9' title="bbox 492 1381 1003 1464; baseline 0 -17"><span class='ocrx_word' id='word_1_56' title='bbox 492 1381 663 1447; x_wconf 86' lang='lat' dir='ltr'><strong>infulatum</strong></span> <span class='ocrx_word' id='word_1_57' title='bbox 679 1384 788 1464; x_wconf 85' lang='lat' dir='ltr'><strong>sicque</strong></span> <span class='ocrx_word' id='word_1_58' title='bbox 805 1383 1003 1464; x_wconf 88' lang='lat' dir='ltr'><strong>loquentem:</strong></span> 
     </span>
    </p>

    <p class='ocr_par' dir='ltr' id='par_1_8' title="bbox 366 1467 1371 1548">
     <span class='ocr_line' id='line_1_10' title="bbox 366 1467 1371 1548; baseline -0.001 -16"><span class='ocrx_word' id='word_1_59' title='bbox 366 1471 394 1532; x_wconf 86' lang='lat'><strong>6.</strong></span> <span class='ocrx_word' id='word_1_60' title='bbox 417 1467 584 1544; x_wconf 83' lang='lat' dir='ltr'><strong>Martinus,</strong></span> <span class='ocrx_word' id='word_1_61' title='bbox 600 1467 739 1532; x_wconf 92' lang='lat' dir='ltr'><strong>nondum</strong></span> <span class='ocrx_word' id='word_1_62' title='bbox 755 1467 914 1548; x_wconf 87' lang='lat' dir='ltr'><strong>baptismo</strong></span> <span class='ocrx_word' id='word_1_63' title='bbox 929 1467 1024 1545; x_wconf 75' lang='lat' dir='ltr'><strong>lotus,</strong></span> <span class='ocrx_word' id='word_1_64' title='bbox 1039 1467 1099 1532; x_wconf 90' lang='lat' dir='ltr'><strong>hac</strong></span> <span class='ocrx_word' id='word_1_65' title='bbox 1114 1473 1203 1532; x_wconf 85' lang='lat' dir='ltr'><strong>veste</strong></span> <span class='ocrx_word' id='word_1_66' title='bbox 1217 1484 1268 1531; x_wconf 89' lang='lat' dir='ltr'><strong>me</strong></span> <span class='ocrx_word' id='word_1_67' title='bbox 1282 1467 1371 1547; x_wconf 81' lang='lat' dir='ltr'><strong>teuit,</strong></span> 
     </span>
    </p>

    <p class='ocr_par' dir='ltr' id='par_1_9' title="bbox 366 1549 1171 1631">
     <span class='ocr_line' id='line_1_11' title="bbox 366 1549 1171 1631; baseline 0.004 -17"><span class='ocrx_word' id='word_1_68' title='bbox 366 1557 395 1614; x_wconf 83' lang='lat'><strong>7.</strong></span> <span class='ocrx_word' id='word_1_69' title='bbox 417 1555 477 1616; x_wconf 79' lang='lat' dir='ltr'><strong>Ast</strong></span> <span class='ocrx_word' id='word_1_70' title='bbox 492 1568 551 1631; x_wconf 85' lang='lat' dir='ltr'><strong>ego</strong></span> <span class='ocrx_word' id='word_1_71' title='bbox 567 1568 640 1615; x_wconf 87' lang='lat' dir='ltr'><strong>euru</strong></span> <span class='ocrx_word' id='word_1_72' title='bbox 654 1549 783 1615; x_wconf 87' lang='lat' dir='ltr'>induam</span> <span class='ocrx_word' id='word_1_73' title='bbox 798 1550 942 1616; x_wconf 86' lang='lat' dir='ltr'><strong>vestibus</strong></span> <span class='ocrx_word' id='word_1_74' title='bbox 956 1552 1171 1617; x_wconf 89' lang='lat' dir='ltr'><strong>iocunditatis.</strong></span> 
     </span>
    </p>

    <p class='ocr_par' dir='ltr' id='par_1_10' title="bbox 365 1633 1645 1800">
     <span class='ocr_line' id='line_1_12' title="bbox 365 1633 1645 1718; baseline 0.001 -18"><span class='ocrx_word' id='word_1_75' title='bbox 365 1639 394 1700; x_wconf 82' lang='grc'><strong>8.</strong></span> <span class='ocrx_word' id='word_1_76' title='bbox 418 1634 479 1699; x_wconf 90' lang='lat' dir='ltr'><strong>Hic</strong></span> <span class='ocrx_word' id='word_1_77' title='bbox 498 1640 701 1716; x_wconf 86' lang='lat' dir='ltr'><strong>comparatur</strong></span> <span class='ocrx_word' id='word_1_78' title='bbox 722 1634 873 1718; x_wconf 88' lang='lat' dir='ltr'><strong>apostolis</strong></span> <span class='ocrx_word' id='word_1_79' title='bbox 893 1635 1022 1716; x_wconf 77' lang='lat' dir='ltr'><strong>sanctis,</strong></span> <span class='ocrx_word' id='word_1_80' title='bbox 1048 1636 1103 1716; x_wconf 88' lang='lat' dir='ltr'><strong>qui</strong></span> <span class='ocrx_word' id='word_1_81' title='bbox 1122 1635 1326 1701; x_wconf 88' lang='lat' dir='ltr'><strong>merebantur</strong></span> <span class='ocrx_word' id='word_1_82' title='bbox 1351 1634 1512 1700; x_wconf 92' lang='lat' dir='ltr'><strong>dominum</strong></span> <span class='ocrx_word' id='word_1_83' title='bbox 1537 1633 1645 1701; x_wconf 84' lang='lat' dir='ltr'><strong>ridere</strong></span> 
     </span>
     <span class='ocr_line' id='line_1_13' title="bbox 494 1718 846 1800; baseline 0 -17"><span class='ocrx_word' id='word_1_84' title='bbox 494 1725 590 1800; x_wconf 89' lang='lat' dir='ltr'><strong>atque</strong></span> <span class='ocrx_word' id='word_1_85' title='bbox 604 1718 691 1800; x_wconf 90' lang='lat' dir='ltr'><strong>loqui</strong></span> <span class='ocrx_word' id='word_1_86' title='bbox 705 1736 777 1784; x_wconf 89' lang='lat' dir='ltr'><strong>cum</strong></span> <span class='ocrx_word' id='word_1_87' title='bbox 798 1736 846 1798; x_wconf 78' lang='lat' dir='ltr'><strong>ec,</strong></span> 
     </span>
    </p>

    <p class='ocr_par' dir='ltr' id='par_1_11' title="bbox 366 1801 1646 1951">
     <span class='ocr_line' id='line_1_14' title="bbox 366 1801 1646 1951; baseline -0.001 -84"><span class='ocrx_word' id='word_1_88' title='bbox 366 1805 395 1868; x_wconf 83' lang='lat'><strong>9.</strong></span> <span class='ocrx_word' id='word_1_89' title='bbox 418 1801 480 1878; x_wconf 90' lang='lat' dir='ltr'><strong>Qui</strong></span> <span class='ocrx_word' id='word_1_90' title='bbox 495 1802 599 1883; x_wconf 84' lang='lat' dir='ltr'><strong>gratia</strong></span> <span class='ocrx_word' id='word_1_91' title='bbox 612 1802 742 1951; x_wconf 47' lang='lat' dir='ltr'><strong>{abitus</strong></span> <span class='ocrx_word' id='word_1_92' title='bbox 757 1809 808 1868; x_wconf 89' lang='lat' dir='ltr'><strong>est</strong></span> <span class='ocrx_word' id='word_1_93' title='bbox 822 1803 947 1884; x_wconf 82' lang='lat' dir='ltr'><strong>dignus,</strong></span> <span class='ocrx_word' id='word_1_94' title='bbox 960 1809 997 1868; x_wconf 92' lang='lat' dir='ltr'><strong>nt</strong></span> <span class='ocrx_word' id='word_1_95' title='bbox 1011 1806 1152 1868; x_wconf 90' lang='lat' dir='ltr'><strong>mortuos</strong></span> <span class='ocrx_word' id='word_1_96' title='bbox 1166 1808 1233 1867; x_wconf 90' lang='lat' dir='ltr'><strong>tres</strong></span> <span class='ocrx_word' id='word_1_97' title='bbox 1245 1801 1500 1869; x_wconf 87' lang='lat' dir='ltr'><strong>resuscitavisset</strong></span> <span class='ocrx_word' id='word_1_98' title='bbox 1510 1820 1570 1884; x_wconf 92' lang='lat' dir='ltr'><strong>per</strong></span> <span class='ocrx_word' id='word_1_99' title='bbox 1583 1801 1646 1870; x_wconf 85' lang='lat' dir='ltr'><strong>rir-</strong></span> 
     </span>
     <span class='ocr_line' id='line_1_15' title="bbox 495 1887 739 1951; baseline -0.004 0"><span class='ocrx_word' id='word_1_100' title='bbox 495 1893 596 1951; x_wconf 87' lang='lat' dir='ltr'><strong>tutem</strong></span> <span class='ocrx_word' id='word_1_101' title='bbox 635 1887 739 1951; x_wconf 89' lang='lat' dir='ltr'><strong>omini.</strong></span> 
     </span>
    </p>

    <p class='ocr_par' dir='ltr' id='par_1_12' title="bbox 347 1969 1304 2051">
     <span class='ocr_line' id='line_1_16' title="bbox 347 1969 1304 2051; baseline 0.001 -18"><span class='ocrx_word' id='word_1_102' title='bbox 347 1974 395 2033; x_wconf 90' lang='lat'><strong>10.</strong></span> <span class='ocrx_word' id='word_1_103' title='bbox 419 1969 600 2048; x_wconf 84' lang='lat' dir='ltr'><strong>Precamur‚</strong></span> <span class='ocrx_word' id='word_1_104' title='bbox 616 1971 739 2036; x_wconf 81' lang='lat' dir='ltr'><strong>athleta</strong></span> <span class='ocrx_word' id='word_1_105' title='bbox 755 1971 824 2049; x_wconf 76' lang='lat' dir='ltr'><strong>Dei,</strong></span> <span class='ocrx_word' id='word_1_106' title='bbox 841 1972 894 2051; x_wconf 85' lang='lat' dir='ltr'><strong>qui</strong></span> <span class='ocrx_word' id='word_1_107' title='bbox 909 1970 1017 2035; x_wconf 85' lang='lat' dir='ltr'><strong>reddis</strong></span> <span class='ocrx_word' id='word_1_108' title='bbox 1032 1970 1154 2035; x_wconf 87' lang='lat' dir='ltr'><strong>animas</strong></span> <span class='ocrx_word' id='word_1_109' title='bbox 1170 1971 1304 2036; x_wconf 83' lang='lat' dir='ltr'><strong>mortuis</strong></span> 
     </span>
    </p>

    <p class='ocr_par' dir='ltr' id='par_1_13' title="bbox 347 2053 1077 2136">
     <span class='ocr_line' id='line_1_17' title="bbox 347 2053 1077 2136; baseline 0.003 -20"><span class='ocrx_word' id='word_1_110' title='bbox 347 2059 395 2117; x_wconf 94' lang='grc'><strong>11.</strong></span> <span class='ocrx_word' id='word_1_111' title='bbox 419 2053 461 2116; x_wconf 85' lang='lat' dir='ltr'><strong>Et</strong></span> <span class='ocrx_word' id='word_1_112' title='bbox 476 2056 668 2136; x_wconf 89' lang='lat' dir='ltr'><strong>pauperihus</strong></span> <span class='ocrx_word' id='word_1_113' title='bbox 682 2054 811 2119; x_wconf 92' lang='lat' dir='ltr'><strong>adiutor</strong></span> <span class='ocrx_word' id='word_1_114' title='bbox 825 2054 912 2119; x_wconf 89' lang='lat' dir='ltr'><strong>luisti</strong></span> <span class='ocrx_word' id='word_1_115' title='bbox 928 2057 1077 2135; x_wconf 80' lang='lat' dir='ltr'><strong>optimus,</strong></span> 
     </span>
    </p>

    <p class='ocr_par' dir='ltr' id='par_1_14' title="bbox 347 2136 1174 2217">
     <span class='ocr_line' id='line_1_18' title="bbox 347 2136 1174 2217; baseline 0.002 -17"><span class='ocrx_word' id='word_1_116' title='bbox 347 2142 395 2200; x_wconf 89' lang='grc'><strong>12.</strong></span> <span class='ocrx_word' id='word_1_117' title='bbox 417 2136 462 2201; x_wconf 90' lang='lat' dir='ltr'><strong>Ut</strong></span> <span class='ocrx_word' id='word_1_118' title='bbox 477 2145 613 2203; x_wconf 85' lang='lat' dir='ltr'><strong>mentem</strong></span> <span class='ocrx_word' id='word_1_119' title='bbox 627 2146 785 2203; x_wconf 89' lang='lat' dir='ltr'><strong>mortuam</strong></span> <span class='ocrx_word' id='word_1_120' title='bbox 802 2139 1020 2204; x_wconf 85' lang='lat' dir='ltr'><strong>accommodes</strong></span> <span class='ocrx_word' id='word_1_121' title='bbox 1037 2138 1174 2217; x_wconf 75' lang='lat' dir='ltr'><strong>Christo,</strong></span> 
     </span>
    </p>

    <p class='ocr_par' dir='ltr' id='par_1_15' title="bbox 347 2220 1370 2302">
     <span class='ocr_line' id='line_1_19' title="bbox 347 2220 1370 2302; baseline 0.003 -18"><span class='ocrx_word' id='word_1_122' title='bbox 347 2226 394 2287; x_wconf 89' lang='lat'><strong>13.</strong></span> <span class='ocrx_word' id='word_1_123' title='bbox 420 2220 462 2284; x_wconf 84' lang='lat' dir='ltr'><strong>Et</strong></span> <span class='ocrx_word' id='word_1_124' title='bbox 477 2222 522 2286; x_wconf 87' lang='lat' dir='ltr'><strong>sic</strong></span> <span class='ocrx_word' id='word_1_125' title='bbox 537 2222 732 2287; x_wconf 84' lang='lat' dir='ltr'><strong>incessanter</strong></span> <span class='ocrx_word' id='word_1_126' title='bbox 747 2240 860 2286; x_wconf 88' lang='lat' dir='ltr'><strong>canere</strong></span> <span class='ocrx_word' id='word_1_127' title='bbox 874 2221 1022 2287; x_wconf 85' lang='lat' dir='ltr'><strong>laudibus</strong></span> <span class='ocrx_word' id='word_1_128' title='bbox 1039 2222 1193 2302; x_wconf 82' lang='lat' dir='ltr'><strong>condigne</strong></span> <span class='ocrx_word' id='word_1_129' title='bbox 1209 2220 1370 2287; x_wconf 87' lang='lat' dir='ltr'><strong>valeamus</strong></span> 
     </span>
    </p>

    <p class='ocr_par' dir='ltr' id='par_1_16' title="bbox 346 2304 1069 2386">
     <span class='ocr_line' id='line_1_20' title="bbox 346 2304 1069 2386; baseline 0.006 -19"><span class='ocrx_word' id='word_1_130' title='bbox 346 2310 394 2368; x_wconf 81' lang='grc'><strong>14.</strong></span> <span class='ocrx_word' id='word_1_131' title='bbox 418 2304 486 2368; x_wconf 87' lang='lat' dir='ltr'><strong>Tuo</strong></span> <span class='ocrx_word' id='word_1_132' title='bbox 502 2307 630 2384; x_wconf 84' lang='lat' dir='ltr'><strong>nomini,</strong></span> <span class='ocrx_word' id='word_1_133' title='bbox 646 2310 755 2371; x_wconf 88' lang='lat' dir='ltr'><strong>sancte</strong></span> <span class='ocrx_word' id='word_1_134' title='bbox 769 2304 932 2371; x_wconf 86' lang='lat' dir='ltr'><strong>confessor</strong></span> <span class='ocrx_word' id='word_1_135' title='bbox 945 2307 1069 2386; x_wconf 81' lang='lat' dir='ltr'><strong>eximie,</strong></span> 
     </span>
    </p>

    <p class='ocr_par' dir='ltr' id='par_1_17' title="bbox 346 2389 1166 2473">
     <span class='ocr_line' id='line_1_21' title="bbox 346 2389 1166 2473; baseline 0.004 -22"><span class='ocrx_word' id='word_1_136' title='bbox 346 2393 393 2452; x_wconf 86' lang='grc'><strong>15.</strong></span> <span class='ocrx_word' id='word_1_137' title='bbox 416 2389 557 2470; x_wconf 85' lang='lat' dir='ltr'><strong>ludoque</strong></span> <span class='ocrx_word' id='word_1_138' title='bbox 573 2391 694 2455; x_wconf 83' lang='lat' dir='ltr'><strong>dulcem</strong></span> <span class='ocrx_word' id='word_1_139' title='bbox 709 2392 806 2455; x_wconf 83' lang='lat' dir='ltr'><strong>ritarn</strong></span> <span class='ocrx_word' id='word_1_140' title='bbox 821 2391 980 2472; x_wconf 87' lang='lat' dir='ltr'><strong>possimus</strong></span> <span class='ocrx_word' id='word_1_141' title='bbox 995 2392 1166 2473; x_wconf 82' lang='lat' dir='ltr'><strong>percipere.</strong></span> 
     </span>
    </p>

    <p class='ocr_par' dir='ltr' id='par_1_18' title="bbox 347 2472 906 2555">
     <span class='ocr_line' id='line_1_22' title="bbox 347 2472 906 2555; baseline 0.005 -19"><span class='ocrx_word' id='word_1_142' title='bbox 347 2477 393 2539; x_wconf 85' lang='lat' dir='ltr'><strong>lo.</strong></span> <span class='ocrx_word' id='word_1_143' title='bbox 416 2472 485 2538; x_wconf 88' lang='lat' dir='ltr'><strong>Hoc</strong></span> <span class='ocrx_word' id='word_1_144' title='bbox 499 2482 628 2555; x_wconf 89' lang='lat' dir='ltr'><strong>praesta</strong></span> <span class='ocrx_word' id='word_1_145' title='bbox 644 2474 742 2555; x_wconf 80' lang='lat' dir='ltr'><strong>nohis,</strong></span> <span class='ocrx_word' id='word_1_146' title='bbox 760 2474 906 2539; x_wconf 82' lang='lat' dir='ltr'><strong>Martine.</strong></span> 
     </span>
    </p>
   </div>
   <div class='ocr_carea' id='block_1_4' title="bbox 341 2579 1639 2722">
    <p class='ocr_par' dir='ltr' id='par_1_19' title="bbox 341 2579 1639 2722">
     <span class='ocr_line' id='line_1_23' title="bbox 412 2579 1639 2651; baseline 0.002 -19"><span class='ocrx_word' id='word_1_147' title='bbox 412 2579 507 2634; x_wconf 69' lang='lat' dir='ltr'><strong>Tenc.</strong></span> <span class='ocrx_word' id='word_1_148' title='bbox 544 2580 633 2636; x_wconf 86' lang='lat' dir='ltr'><strong>Morel</strong></span> <span class='ocrx_word' id='word_1_149' title='bbox 652 2583 704 2636; x_wconf 84' lang='lat' dir='ltr'><strong>No.</strong></span> <span class='ocrx_word' id='word_1_150' title='bbox 724 2585 784 2637; x_wconf 78' lang='lat'>505.</span> <span class='ocrx_word' id='word_1_151' title='bbox 805 2582 831 2636; x_wconf 89' lang='lat' dir='ltr'><strong>S.</strong></span> <span class='ocrx_word' id='word_1_152' title='bbox 850 2584 903 2637; x_wconf 85' lang='grc'><strong>287</strong></span> <span class='ocrx_word' id='word_1_153' title='bbox 932 2598 1000 2635; x_wconf 83' lang='lat' dir='ltr'><strong>aus:</strong></span> <span class='ocrx_word' id='word_1_154' title='bbox 1027 2581 1080 2636; x_wconf 81' lang='lat' dir='ltr'><strong>Ha.</strong></span> <span class='ocrx_word' id='word_1_155' title='bbox 1107 2598 1144 2636; x_wconf 76' lang='lat' dir='ltr'><strong>au</strong></span> <span class='ocrx_word' id='word_1_156' title='bbox 1163 2583 1203 2638; x_wconf 83' lang='lat' dir='ltr'><strong>St.</strong></span> <span class='ocrx_word' id='word_1_157' title='bbox 1223 2582 1324 2638; x_wconf 82' lang='lat' dir='ltr'><strong>Gulieu</strong></span> <span class='ocrx_word' id='word_1_158' title='bbox 1344 2583 1397 2639; x_wconf 86' lang='lat' dir='ltr'><strong>No.</strong></span> <span class='ocrx_word' id='word_1_159' title='bbox 1417 2586 1470 2638; x_wconf 78' lang='lat'><strong>546</strong></span> <span class='ocrx_word' id='word_1_160' title='bbox 1497 2580 1639 2651; x_wconf 76' lang='lat' dir='ltr'><strong>(Brunder)</strong></span> 
     </span>
     <span class='ocr_line' id='line_1_24' title="bbox 341 2650 1203 2722; baseline 0.005 -18"><span class='ocrx_word' id='word_1_161' title='bbox 341 2652 394 2704; x_wconf 79' lang='lat' dir='ltr'><strong>mit</strong></span> <span class='ocrx_word' id='word_1_162' title='bbox 412 2651 472 2705; x_wconf 84' lang='lat' dir='ltr'><strong>dem</strong></span> <span class='ocrx_word' id='word_1_163' title='bbox 492 2650 577 2705; x_wconf 78' lang='lat' dir='ltr'><strong>Tiiel:</strong></span> <span class='ocrx_word' id='word_1_164' title='bbox 596 2653 744 2720; x_wconf 86' lang='lat' dir='ltr'><strong>Sequentia</strong></span> <span class='ocrx_word' id='word_1_165' title='bbox 763 2654 843 2722; x_wconf 85' lang='lat' dir='ltr'><strong>hona,</strong></span> <span class='ocrx_word' id='word_1_166' title='bbox 862 2654 936 2709; x_wconf 86' lang='lat' dir='ltr'><strong>tituli</strong></span> <span class='ocrx_word' id='word_1_167' title='bbox 955 2655 1088 2709; x_wconf 83' lang='lat' dir='ltr'><strong>metensis</strong></span> <span class='ocrx_word' id='word_1_168' title='bbox 1106 2655 1203 2708; x_wconf 78' lang='lat' dir='ltr'><strong>minor,</strong></span> 
     </span>
    </p>
   </div>
   <div class='ocr_carea' id='block_1_5' title="bbox 899 2845 1094 2853">
    <p class='ocr_par' dir='ltr' id='par_1_20' title="bbox 899 2845 1094 2853">
     <span class='ocr_line' id='line_1_25' title="bbox 899 2845 1094 2853; baseline -0.01 0"><span class='ocrx_word' id='word_1_169' title='bbox 899 2845 1094 2853; x_wconf 50' lang='lat' dir='ltr'><strong>*m*</strong></span> 
     </span>
    </p>
   </div>
   <div class='ocr_carea' id='block_1_6' title="bbox 798 3013 1191 3080">
    <p class='ocr_par' dir='ltr' id='par_1_21' title="bbox 798 3013 1191 3080">
     <span class='ocr_line' id='line_1_26' title="bbox 798 3013 1191 3080; baseline 0.003 -2"><span class='ocrx_word' id='word_1_170' title='bbox 798 3018 869 3078; x_wconf 80' lang='lat'><strong>649.</strong></span> <span class='ocrx_word' id='word_1_171' title='bbox 913 3013 966 3079; x_wconf 81' lang='lat' dir='ltr'><strong>Dc</strong></span> <span class='ocrx_word' id='word_1_172' title='bbox 986 3032 1012 3078; x_wconf 80' lang='grc' dir='ltr'><strong>ε.</strong></span> <span class='ocrx_word' id='word_1_173' title='bbox 1035 3013 1191 3080; x_wconf 60' lang='lat' dir='ltr'><strong>Munilia.</strong></span> 
     </span>
    </p>
   </div>
   <div class='ocr_carea' id='block_1_7' title="bbox 342 3145 1631 3839">
    <p class='ocr_par' dir='ltr' id='par_1_22' title="bbox 346 3145 1417 3227">
     <span class='ocr_line' id='line_1_27' title="bbox 346 3145 1417 3227; baseline 0.001 -19"><span class='ocrx_word' id='word_1_174' title='bbox 346 3149 372 3208; x_wconf 94' lang='lat' dir='ltr'><strong>l.</strong></span> <span class='ocrx_word' id='word_1_175' title='bbox 399 3146 465 3208; x_wconf 84' lang='lat' dir='ltr'><strong>dvo</strong></span> <span class='ocrx_word' id='word_1_176' title='bbox 480 3162 601 3208; x_wconf 86' lang='lat' dir='ltr'><strong>summe</strong></span> <span class='ocrx_word' id='word_1_177' title='bbox 616 3145 789 3224; x_wconf 80' lang='lat' dir='ltr'><strong>presulum,</strong></span> <span class='ocrx_word' id='word_1_178' title='bbox 807 3147 867 3227; x_wconf 83' lang='lat' dir='ltr'><strong>eja,</strong></span> <span class='ocrx_word' id='word_1_179' title='bbox 1070 3146 1229 3210; x_wconf 90' lang='lat' dir='ltr'><strong>Mundans</strong></span> <span class='ocrx_word' id='word_1_180' title='bbox 1244 3146 1417 3223; x_wconf 81' lang='lat' dir='ltr'><strong>immunda,</strong></span> 
     </span>
    </p>

    <p class='ocr_par' dir='ltr' id='par_1_23' title="bbox 400 3226 1356 3310">
     <span class='ocr_line' id='line_1_28' title="bbox 400 3226 1356 3310; baseline 0 -18"><span class='ocrx_word' id='word_1_181' title='bbox 400 3248 418 3292; x_wconf 94' lang='lat' dir='ltr'><strong>o</strong></span> <span class='ocrx_word' id='word_1_182' title='bbox 434 3226 554 3293; x_wconf 85' lang='lat' dir='ltr'><strong>Christi</strong></span> <span class='ocrx_word' id='word_1_183' title='bbox 568 3245 693 3307; x_wconf 82' lang='lat' dir='ltr'><strong>gemma</strong></span> <span class='ocrx_word' id='word_1_184' title='bbox 1070 3231 1185 3310; x_wconf 83' lang='lat' dir='ltr'><strong>lugans</strong></span> <span class='ocrx_word' id='word_1_185' title='bbox 1201 3229 1356 3310; x_wconf 77' lang='lat' dir='ltr'><strong>demonia,</strong></span> 
     </span>
    </p>

    <p class='ocr_par' dir='ltr' id='par_1_24' title="bbox 399 3313 1319 3393">
     <span class='ocr_line' id='line_1_29' title="bbox 399 3313 1319 3393; baseline 0 -17"><span class='ocrx_word' id='word_1_186' title='bbox 399 3313 521 3377; x_wconf 89' lang='lat' dir='ltr'><strong>meritis</strong></span> <span class='ocrx_word' id='word_1_187' title='bbox 538 3313 655 3393; x_wconf 88' lang='lat' dir='ltr'><strong>inclyta</strong></span> <span class='ocrx_word' id='word_1_188' title='bbox 1070 3332 1128 3379; x_wconf 91' lang='lat' dir='ltr'><strong>nos</strong></span> <span class='ocrx_word' id='word_1_189' title='bbox 1143 3315 1194 3378; x_wconf 88' lang='lat' dir='ltr'><strong>hic</strong></span> <span class='ocrx_word' id='word_1_190' title='bbox 1209 3313 1319 3379; x_wconf 89' lang='lat' dir='ltr'><strong>libera.</strong></span> 
     </span>
    </p>

    <p class='ocr_par' dir='ltr' id='par_1_25' title="bbox 343 3396 1631 3571">
     <span class='ocr_line' id='line_1_30' title="bbox 399 3396 1631 3499; baseline -0.006 -8"><span class='ocrx_word' id='word_1_191' title='bbox 399 3396 517 3460; x_wconf 60' lang='lat' dir='ltr'><strong>Virtute</strong></span> <span class='ocrx_word' id='word_1_192' title='bbox 534 3396 648 3492; x_wconf 62' lang='lat' dir='ltr'><strong>limma·</strong></span> <span class='ocrx_word' id='word_1_193' title='bbox 1015 3434 1043 3491; x_wconf 84' lang='grc'><strong>(1.</strong></span> <span class='ocrx_word' id='word_1_194' title='bbox 1070 3421 1131 3499; x_wconf 85' lang='lat' dir='ltr'><strong>Qui</strong></span> <span class='ocrx_word' id='word_1_195' title='bbox 1147 3423 1318 3487; x_wconf 88' lang='lat' dir='ltr'><strong>suscitator</strong></span> <span class='ocrx_word' id='word_1_196' title='bbox 1333 3422 1431 3488; x_wconf 89' lang='lat' dir='ltr'><strong>trium</strong></span> <span class='ocrx_word' id='word_1_197' title='bbox 1442 3426 1631 3489; x_wconf 88' lang='lat' dir='ltr'><strong>mortuorum</strong></span> 
     </span>
     <span class='ocr_line' id='line_1_31' title="bbox 343 3479 1221 3571; baseline 0.006 -30"><span class='ocrx_word' id='word_1_198' title='bbox 343 3482 371 3541; x_wconf 95' lang='grc'><strong>2.</strong></span> <span class='ocrx_word' id='word_1_199' title='bbox 397 3479 463 3545; x_wconf 90' lang='lat' dir='ltr'><strong>Nos</strong></span> <span class='ocrx_word' id='word_1_200' title='bbox 478 3479 554 3544; x_wconf 87' lang='lat' dir='ltr'><strong>audr</strong></span> <span class='ocrx_word' id='word_1_201' title='bbox 568 3484 625 3545; x_wconf 90' lang='lat' dir='ltr'><strong>tua</strong></span> <span class='ocrx_word' id='word_1_202' title='bbox 643 3479 726 3544; x_wconf 80' lang='lat' dir='ltr'><strong>festa</strong></span> <span class='ocrx_word' id='word_1_203' title='bbox 1114 3506 1221 3571; x_wconf 78' lang='lat' dir='ltr'><strong>fueras</strong></span> 
     </span>
    </p>

    <p class='ocr_par' dir='ltr' id='par_1_26' title="bbox 342 3556 1630 3791">
     <span class='ocr_line' id='line_1_32' title="bbox 399 3556 1564 3660; baseline 0.003 -10"><span class='ocrx_word' id='word_1_204' title='bbox 399 3563 539 3628; x_wconf 62' lang='lat' dir='ltr'><strong>⁰⁰¹⁰¹¹i0⁸</strong></span> <span class='ocrx_word' id='word_1_205' title='bbox 554 3581 659 3660; x_wconf 56' lang='lat' dir='ltr'><strong>annu?</strong></span> <span class='ocrx_word' id='word_1_206' title='bbox 1068 3590 1142 3655; x_wconf 86' lang='lat' dir='ltr'><strong>laxa</strong></span> <span class='ocrx_word' id='word_1_207' title='bbox 1155 3556 1283 3655; x_wconf 70' lang='lat' dir='ltr'><strong>nostrae</strong></span> <span class='ocrx_word' id='word_1_208' title='bbox 1299 3591 1415 3655; x_wconf 90' lang='lat' dir='ltr'><strong>mentis</strong></span> <span class='ocrx_word' id='word_1_209' title='bbox 1430 3590 1564 3656; x_wconf 87' lang='lat' dir='ltr'><strong>vincula.</strong></span> 
     </span>
     <span class='ocr_line' id='line_1_33' title="bbox 342 3646 1630 3791; baseline 0.004 -58"><span class='ocrx_word' id='word_1_210' title='bbox 342 3730 360 3791; x_wconf 78' lang='lat'><strong>3</strong></span> <span class='ocrx_word' id='word_1_211' title='bbox 396 3646 516 3711; x_wconf 54' lang='grc' dir='ltr'><strong>ΝΜΟ</strong></span> <span class='ocrx_word' id='word_1_212' title='bbox 532 3648 681 3712; x_wconf 62' lang='lat' dir='ltr'><strong>celssbfla·</strong></span> <span class='ocrx_word' id='word_1_213' title='bbox 1069 3674 1130 3751; x_wconf 87' lang='lat' dir='ltr'><strong>Qui</strong></span> <span class='ocrx_word' id='word_1_214' title='bbox 1150 3672 1275 3737; x_wconf 87' lang='lat' dir='ltr'><strong>infirma</strong></span> <span class='ocrx_word' id='word_1_215' title='bbox 1293 3676 1360 3756; x_wconf 90' lang='lat' dir='ltr'><strong>jam</strong></span> <span class='ocrx_word' id='word_1_216' title='bbox 1384 3675 1505 3741; x_wconf 86' lang='lat' dir='ltr'><strong>curasti</strong></span> <span class='ocrx_word' id='word_1_217' title='bbox 1530 3688 1630 3756; x_wconf 88' lang='lat' dir='ltr'><strong>corpo·</strong></span> 
     </span>
    </p>

    <p class='ocr_par' dir='ltr' id='par_1_27' title="bbox 365 3731 1345 3839">
     <span class='ocr_line' id='line_1_34' title="bbox 365 3731 1345 3839; baseline 0.007 -49"><span class='ocrx_word' id='word_1_218' title='bbox 365 3776 371 3790; x_wconf 93' lang='lat'>.</span> <span class='ocrx_word' id='word_1_219' title='bbox 398 3731 489 3795; x_wconf 82' lang='lat' dir='ltr'><strong>Alme</strong></span> <span class='ocrx_word' id='word_1_220' title='bbox 502 3737 605 3811; x_wconf 80' lang='lat' dir='ltr'><strong>pater,</strong></span> <span class='ocrx_word' id='word_1_221' title='bbox 621 3749 680 3797; x_wconf 82' lang='lat' dir='ltr'><strong>vox</strong></span> <span class='ocrx_word' id='word_1_222' title='bbox 696 3734 807 3795; x_wconf 90' lang='lat' dir='ltr'><strong>nostra</strong></span> <span class='ocrx_word' id='word_1_223' title='bbox 1112 3777 1184 3822; x_wconf 65' lang='lat' dir='ltr'><strong>rum</strong></span> <span class='ocrx_word' id='word_1_224' title='bbox 1199 3758 1345 3839; x_wconf 46' lang='lat' dir='ltr'><strong>plurima,</strong></span> 
     </span>
    </p>
   </div>
   <div class='ocr_carea' id='block_1_8' title="bbox 399 3815 1576 3908">
    <p class='ocr_par' dir='ltr' id='par_1_28' title="bbox 399 3815 1576 3908">
     <span class='ocr_line' id='line_1_35' title="bbox 399 3815 1576 3908; baseline 0.02 -23"><span class='ocrx_word' id='word_1_225' title='bbox 399 3821 431 3878; x_wconf 78' lang='lat' dir='ltr'><strong>te</strong></span> <span class='ocrx_word' id='word_1_226' title='bbox 445 3818 554 3879; x_wconf 73' lang='lat' dir='ltr'><strong>cantat</strong></span> <span class='ocrx_word' id='word_1_227' title='bbox 569 3815 663 3878; x_wconf 74' lang='grc' dir='ltr'><strong>100(ῑο</strong></span> <span class='ocrx_word' id='word_1_228' title='bbox 679 3831 803 3878; x_wconf 87' lang='lat' dir='ltr'><strong>sonora.</strong></span> <span class='ocrx_word' id='word_1_229' title='bbox 1069 3859 1149 3906; x_wconf 90' lang='lat' dir='ltr'><strong>sana</strong></span> <span class='ocrx_word' id='word_1_230' title='bbox 1163 3847 1292 3907; x_wconf 89' lang='lat' dir='ltr'><strong>nostrae</strong></span> <span class='ocrx_word' id='word_1_231' title='bbox 1307 3842 1422 3908; x_wconf 87' lang='lat' dir='ltr'><strong>mentis</strong></span> <span class='ocrx_word' id='word_1_232' title='bbox 1438 3844 1576 3908; x_wconf 87' lang='lat' dir='ltr'><strong>vulnera.</strong></span> 
     </span>
    </p>
   </div>
   <div class='ocr_carea' id='block_1_9' title="bbox 397 3897 1630 4063">
    <p class='ocr_par' dir='ltr' id='par_1_29' title="bbox 397 3897 1630 4063">
     <span class='ocr_line' id='line_1_36' title="bbox 397 3897 1630 4063; baseline 0.001 -52"><span class='ocrx_word' id='word_1_233' title='bbox 397 3897 855 4063; x_wconf 48' lang='lat' dir='ltr'><strong>ffirffiffiglg&#39;ssupffiffitm&#39;</strong></span> <span class='ocrx_word' id='word_1_234' title='bbox 1014 3955 1042 4015; x_wconf 82' lang='lat'><strong>7.</strong></span> <span class='ocrx_word' id='word_1_235' title='bbox 1067 3949 1129 4026; x_wconf 81' lang='lat' dir='ltr'><strong>Qui</strong></span> <span class='ocrx_word' id='word_1_236' title='bbox 1145 3950 1305 4015; x_wconf 84' lang='lat' dir='ltr'><strong>Christum</strong></span> <span class='ocrx_word' id='word_1_237' title='bbox 1321 3955 1378 4015; x_wconf 90' lang='lat' dir='ltr'><strong>tua</strong></span> <span class='ocrx_word' id='word_1_238' title='bbox 1483 3948 1630 4016; x_wconf 86' lang='lat' dir='ltr'><strong>chlamide</strong></span> 
     </span>
    </p>
   </div>
   <div class='ocr_carea' id='block_1_10' title="bbox 248 4031 1630 4991">
    <p class='ocr_par' dir='ltr' id='par_1_30' title="bbox 248 4031 1630 4649">
     <span class='ocr_line' id='line_1_37' title="bbox 248 4031 1233 4130; baseline 0.005 -5"><span class='ocrx_word' id='word_1_239' title='bbox 248 4031 254 4042; x_wconf 39' lang='lat'>⁵</span> <span class='ocrx_word' id='word_1_240' title='bbox 341 4062 370 4123; x_wconf 84' lang='lat'><strong>4.</strong></span> <span class='ocrx_word' id='word_1_241' title='bbox 398 4063 442 4127; x_wconf 89' lang='lat' dir='ltr'><strong>Te</strong></span> <span class='ocrx_word' id='word_1_242' title='bbox 457 4063 535 4128; x_wconf 82' lang='lat' dir='ltr'><strong>Asia</strong></span> <span class='ocrx_word' id='word_1_243' title='bbox 1112 4034 1233 4130; x_wconf 57' lang='lat' dir='ltr'><strong>partita.</strong></span> 
     </span>
     <span class='ocr_line' id='line_1_38' title="bbox 397 4117 1328 4229; baseline 0 -47"><span class='ocrx_word' id='word_1_244' title='bbox 397 4153 508 4212; x_wconf 62' lang='lat' dir='ltr'><strong>notum</strong></span> <span class='ocrx_word' id='word_1_245' title='bbox 524 4153 557 4212; x_wconf 59' lang='lat' dir='ltr'><strong>et</strong></span> <span class='ocrx_word' id='word_1_246' title='bbox 570 4146 700 4229; x_wconf 61' lang='lat' dir='ltr'><strong>Europa</strong></span> <span class='ocrx_word' id='word_1_247' title='bbox 1069 4122 1187 4183; x_wconf 89' lang='lat' dir='ltr'><strong>tectum</strong></span> <span class='ocrx_word' id='word_1_248' title='bbox 1202 4117 1328 4182; x_wconf 83' lang='lat' dir='ltr'><strong>videras</strong></span> 
     </span>
     <span class='ocr_line' id='line_1_39' title="bbox 395 4200 1508 4312; baseline 0.004 -16"><span class='ocrx_word' id='word_1_249' title='bbox 395 4231 507 4296; x_wconf 88' lang='lat' dir='ltr'><strong>laudat</strong></span> <span class='ocrx_word' id='word_1_250' title='bbox 521 4232 624 4296; x_wconf 91' lang='lat' dir='ltr'><strong>omnis</strong></span> <span class='ocrx_word' id='word_1_251' title='bbox 639 4237 672 4295; x_wconf 91' lang='lat' dir='ltr'><strong>et</strong></span> <span class='ocrx_word' id='word_1_252' title='bbox 686 4230 833 4312; x_wconf 80' lang='lat' dir='ltr'><strong>Aphrica,</strong></span> <span class='ocrx_word' id='word_1_253' title='bbox 1069 4208 1161 4294; x_wconf 58' lang='lat' dir='ltr'><strong>¹¹9⁰oe</strong></span> <span class='ocrx_word' id='word_1_254' title='bbox 1177 4200 1326 4281; x_wconf 56' lang='lat' dir='ltr'><strong>mundar</strong></span> <span class='ocrx_word' id='word_1_255' title='bbox 1458 4286 1465 4298; x_wconf 94' lang='lat'><strong>.</strong></span> <span class='ocrx_word' id='word_1_256' title='bbox 1502 4286 1508 4300; x_wconf 92' lang='lat'><em>.</em></span> 
     </span>
     <span class='ocr_line' id='line_1_40' title="bbox 396 4286 1630 4436; baseline 0 -56"><span class='ocrx_word' id='word_1_257' title='bbox 396 4333 521 4397; x_wconf 84' lang='lat' dir='ltr'><strong>gemma</strong></span> <span class='ocrx_word' id='word_1_258' title='bbox 533 4315 594 4413; x_wconf 81' lang='lat' dir='ltr'><strong>celi</strong></span> <span class='ocrx_word' id='word_1_259' title='bbox 609 4312 830 4395; x_wconf 77' lang='lat' dir='ltr'><strong>fulgidissima.</strong></span> <span class='ocrx_word' id='word_1_260' title='bbox 1067 4286 1240 4436; x_wconf 54' lang='lat' dir='ltr'>Fagffle</span> <span class='ocrx_word' id='word_1_261' title='bbox 1255 4292 1312 4351; x_wconf 60' lang='lat' dir='ltr'><strong>tua</strong></span> <span class='ocrx_word' id='word_1_262' title='bbox 1421 4301 1584 4350; x_wconf 65' lang='lat' dir='ltr'>⁰s¹¹¹¹¹⁰¹¹¹¹¹</span> <span class='ocrx_word' id='word_1_263' title='bbox 1598 4286 1630 4345; x_wconf 59' lang='lat' dir='ltr'><strong>ut</strong></span> 
     </span>
     <span class='ocr_line' id='line_1_41' title="bbox 396 4398 1286 4601; baseline 0 -51"><span class='ocrx_word' id='word_1_264' title='bbox 396 4398 571 4565; x_wconf 47' lang='lat' dir='ltr'><strong>tTeepiiiilrir&#39;</strong></span> <span class='ocrx_word' id='word_1_265' title='bbox 583 4483 718 4549; x_wconf 86' lang='lat' dir='ltr'><strong>Francia</strong></span> <span class='ocrx_word' id='word_1_266' title='bbox 1067 4453 1158 4601; x_wconf 50' lang='lat' dir='ltr'><strong>&amp;Ibis</strong></span> <span class='ocrx_word' id='word_1_267' title='bbox 1173 4453 1286 4550; x_wconf 50' lang='lat' dir='ltr'><strong>(lebna.</strong></span> 
     </span>
     <span class='ocr_line' id='line_1_42' title="bbox 396 4541 1318 4649; baseline 0.003 -18"><span class='ocrx_word' id='word_1_268' title='bbox 396 4572 452 4632; x_wconf 93' lang='lat' dir='ltr'><strong>tua</strong></span> <span class='ocrx_word' id='word_1_269' title='bbox 467 4569 602 4649; x_wconf 83' lang='lat' dir='ltr'><strong>supplex</strong></span> <span class='ocrx_word' id='word_1_270' title='bbox 620 4586 657 4632; x_wconf 87' lang='lat' dir='ltr'><strong>ac</strong></span> <span class='ocrx_word' id='word_1_271' title='bbox 672 4568 775 4634; x_wconf 87' lang='lat' dir='ltr'><strong>Frisia</strong></span> <span class='ocrx_word' id='word_1_272' title='bbox 1117 4542 1188 4601; x_wconf 58' lang='lat' dir='ltr'><strong>”su</strong></span> <span class='ocrx_word' id='word_1_273' title='bbox 1203 4541 1318 4618; x_wconf 58' lang='lat' dir='ltr'><strong>grana·</strong></span> 
     </span>
    </p>

    <p class='ocr_par' dir='ltr' id='par_1_31' title="bbox 341 4651 1473 4803">
     <span class='ocr_line' id='line_1_43' title="bbox 341 4651 1473 4803; baseline 0.002 -88"><span class='ocrx_word' id='word_1_274' title='bbox 341 4730 368 4790; x_wconf 43' lang='lat' dir='ltr'><strong>r·</strong></span> <span class='ocrx_word' id='word_1_275' title='bbox 395 4652 774 4800; x_wconf 45' lang='grc' dir='ltr'><strong>ἓῗέξὸιὲἃίίὃᾱξθῇᾞὶοη.</strong></span> <span class='ocrx_word' id='word_1_276' title='bbox 1011 4655 1040 4716; x_wconf 87' lang='grc'><strong>8.</strong></span> <span class='ocrx_word' id='word_1_277' title='bbox 1066 4653 1159 4801; x_wconf 54' lang='grc' dir='ltr'><strong>113ἒὲ</strong></span> <span class='ocrx_word' id='word_1_278' title='bbox 1168 4651 1386 4803; x_wconf 51' lang='grc' dir='ltr'><strong>1ι1ὲ1ἶ80111111111</strong></span> <span class='ocrx_word' id='word_1_279' title='bbox 1401 4659 1473 4719; x_wconf 88' lang='lat' dir='ltr'><strong>erat</strong></span> 
     </span>
    </p>

    <p class='ocr_par' dir='ltr' id='par_1_32' title="bbox 340 4750 1486 4991">
     <span class='ocr_line' id='line_1_44' title="bbox 340 4750 1472 4901; baseline 0.004 -21"><span class='ocrx_word' id='word_1_280' title='bbox 340 4750 358 4789; x_wconf 42' lang='grc' dir='ltr'><strong><em>ὁ</em></strong></span> <span class='ocrx_word' id='word_1_281' title='bbox 394 4818 552 4899; x_wconf 88' lang='lat' dir='ltr'><strong>mutisque</strong></span> <span class='ocrx_word' id='word_1_282' title='bbox 567 4819 742 4899; x_wconf 84' lang='lat' dir='ltr'><strong>loquelam:</strong></span> <span class='ocrx_word' id='word_1_283' title='bbox 1065 4753 1192 4901; x_wconf 59' lang='lat' dir='ltr'><strong>gempcr</strong></span> <span class='ocrx_word' id='word_1_284' title='bbox 1207 4825 1313 4885; x_wconf 86' lang='lat' dir='ltr'><strong>mente</strong></span> <span class='ocrx_word' id='word_1_285' title='bbox 1329 4821 1472 4886; x_wconf 85' lang='lat' dir='ltr'><strong>colebas:</strong></span> 
     </span>
     <span class='ocr_line' id='line_1_45' title="bbox 395 4902 1486 4991; baseline 0.001 -22"><span class='ocrx_word' id='word_1_286' title='bbox 395 4908 431 4969; x_wconf 90' lang='lat' dir='ltr'><strong>tu</strong></span> <span class='ocrx_word' id='word_1_287' title='bbox 446 4920 503 4966; x_wconf 91' lang='lat' dir='ltr'><strong>nos</strong></span> <span class='ocrx_word' id='word_1_288' title='bbox 519 4902 644 4983; x_wconf 80' lang='lat' dir='ltr'><strong>adJ‘ura</strong></span> <span class='ocrx_word' id='word_1_289' title='bbox 1065 4903 1148 4969; x_wconf 91' lang='lat' dir='ltr'><strong>hunc</strong></span> <span class='ocrx_word' id='word_1_290' title='bbox 1162 4923 1219 4987; x_wconf 91' lang='lat' dir='ltr'><strong>pro</strong></span> <span class='ocrx_word' id='word_1_291' title='bbox 1235 4906 1326 4974; x_wconf 88' lang='lat' dir='ltr'><strong>nohis</strong></span> <span class='ocrx_word' id='word_1_292' title='bbox 1340 4906 1486 4991; x_wconf 88' lang='lat' dir='ltr'><strong>implora,</strong></span> 
     </span>
    </p>
   </div>
   <div class='ocr_carea' id='block_1_11' title="bbox 0 0 1992 5800">
    <p class='ocr_par' dir='ltr' id='par_1_33' title="bbox 0 0 1992 5800">
     <span class='ocr_line' id='line_1_46' title="bbox 0 0 1992 5800; baseline 0 2"><span class='ocrx_word' id='word_1_293' title='bbox 0 0 1992 5800; x_wconf 95' lang='lat' dir='ltr'><strong> </strong></span> 
     </span>
    </p>
   </div>
  </div>
 </body>
</html>
