3975 5800
888 604 1173 687 fuo-

434 787 462 846 3.
486 781 512 846 0
530 780 723 863 spiraculum
739 780 929 859 sanctitatis,
953 779 1072 861 cignis
1088 778 1240 859 caritatis,
1263 778 1400 844 oduleis
1420 783 1535 858 gustos
1554 778 1586 843 in
1607 781 1714 861 pecto·

561 866 651 931 ribus
667 869 700 930 et
713 863 831 930 infusio
847 865 988 930 cordium
1005 865 1037 929 in
1053 863 1135 928 bono
1151 862 1249 928 odore
1263 862 1434 928 virtutum!

433 957 462 1015 4.
487 950 512 1013 0
528 949 599 1015 lons
614 949 809 1098 gur-issimus,
830 949 862 1014 in
878 966 940 1031 quo
956 948 1184 1027 consideratur,
1207 946 1292 1029 qnod
1306 946 1393 1013 Deus
1407 945 1529 1012 alienos
1545 945 1669 1027 colligit
1682 949 1715 1010 et

415 1036 418 1041 '
548 1052 616 1115 ›per
640 1035 702 1099 itos
716 1034 860 1115 requirit.

433 1124 461 1180 5.
485 1118 511 1181 ll
528 1118 626 1184 lorica
640 1119 725 1183 vitae
740 1123 774 1183 et
787 1138 860 1201 spes
875 1117 1072 1199 compaginis
1086 1114 1300 1182 membrorum
1315 1114 1464 1195 omnium,
1479 1118 1513 1180 et
1527 1133 1545 1178 o
1560 1113 1713 1195 angulum

559 1202 745 1282 honestatis,
761 1203 851 1268 salva
866 1202 992 1268 beatos!

415 1291 462 1350 -6,
485 1285 618 1352 Custodi
643 1305 707 1366 eos,
733 1286 787 1368 qrri
814 1287 968 1353 carcerati
994 1288 1069 1352 suut
1093 1285 1134 1351 ab
1158 1284 1285 1350 inimico
1311 1287 1344 1348 et
1365 1284 1453 1350 solve
1475 1283 1604 1366 ligatos,
1634 1300 1714 1363 quos

559 1370 668 1436 divina
682 1370 729 1435 vis
744 1370 869 1439 salvare
886 1369 969 1437 vulti

414 1462 417 1468 ’
433 1459 460 1517 7.
483 1455 510 1519 Ο
525 1456 587 1519 iter
602 1454 818 1536 fortissimum,
835 1452 920 1539 quod
935 1453 1116 1537 penetravit
1130 1454 1236 1520 omnia
1250 1454 1283 1518 in
1298 1451 1460 1518 altissimis
1481 1452 1561 1517 etin
1575 1449 1713 1516 terrenis

559 1543 592 1603 et
605 1540 638 1603 in
655 1541 801 1605 oumibus
816 1540 951 1621 abyssis,
967 1557 1038 1604 curn
1055 1555 1165 1603 omnes
1181 1538 1341 1621 componis
1355 1543 1388 1602 et
1402 1535 1537 1617 colligis,

431 1624 460 1686 8.
483 1622 531 1687 De
557 1628 589 1689 te
614 1623 714 1689 nubes
739 1621 850 1703 fluunt,
876 1623 987 1689 aether
1009 1622 1105 1701 volat,
1130 1621 1252 1704 lapides
1274 1621 1439 1687 humorem
1460 1619 1591 1699 hahent,
1610 1637 1713 1699 aquae

560 1708 678 1774 rivulus
694 1709 832 1773 educunt
846 1713 879 1772 et
893 1711 984 1772 terre¹
996 1706 1190 1773 vhiffltatem
1206 1706 1311 1771 sudat.
1520 1753 1523 1757 -

432 1795 460 1853 9.
484 1790 530 1854 Τιι
551 1793 648 1940 citiam
671 1810 796 1875 semper
817 1791 924 1857 educis
944 1790 1065 1872 doctos,
1086 1809 1142 1874 per
1161 1790 1403 1873 inspirationem
1426 1787 1604 1870 sapientiae
1622 1785 1715 1851 laeti-

571 1876 681 1941 icutos.

414 1962 461 2022 10,
487 1957 577 2023 [Inde
594 1961 663 2025 loris
679 1959 735 2025 tibi
752 1960 804 2037 sit,
816 1960 871 2041 qui
886 1976 921 2024 es
937 1977 1036 2025 socrus
1051 1959 1156 2024 laudis
1170 1963 1203 2023 et
1214 1957 1364 2040 gaudium
1377 1957 1471 2038 vitae,
1483 1974 1555 2040 spes
1567 1959 1600 2021 et
1613 1955 1715 2020 honor

562 2044 764 2125 lor-tissimus,
781 2043 860 2109 (lons
875 2044 1019 2125 praemia
1033 2043 1123 2109 lueis.

485 2175 510 2212 a.
529 2157 624 2213 Text.
661 2160 745 2214 Mene
764 2159 817 2213 No.
837 2161 888 2212 179
915 2158 951 2227 (l,
970 2159 1042 2223 234.)
1063 2174 1129 2212 aas:
1147 2155 1221 2223 „Ha
1240 2174 1277 2212 ru
1290 2155 1464 2224 Wicsbodcn,
1481 2158 1525 2209 13.
1543 2153 1645 2209 Jaltrh
1663 2155 1715 2206 anit

415 2230 465 2288 cler
484 2229 616 2285 Melodie.
653 2231 689 2283 Iu
709 2231 759 2285 der
777 2229 939 2286 Haradsetr.
957 2230 1053 2285 slehen
1071 2227 1226 2298 dicBriesc
1244 2228 1340 2283 derltl.
1351 2228 1509 2298 Hildeqart,
1527 2242 1589 2282 vom
1599 2224 1716 2280 Kloster

413 2299 605 2423 R“1’‘'³'‘{,²'⁶'⁹,
624 2303 668 2356 det
685 2300 803 2371 Biupen.
847 2301 948 2356 Daniel
975 2300 1010 2370 V,
1028 2304 1089 2356 201.
1117 2301 1167 2354 laet
1194 2301 1247 2354 (ὶεη
1273 2298 1344 2355 Text
1371 2299 1542 2355 auctione.
1579 2328 1613 2338 -
1655 2295 1715 2367 Vyl.

412 2378 495 2425 esteten
515 2402 527 2424 r
545 2389 569 2426 o.
587 2378 649 2429 265.

411 2530 444 2583 Π
484 2460 509 2583 h
529 2459 712 2586 Llesbartcn.
749 2464 774 2516 5.
793 2466 865 2515 elato
883 2466 911 2514 et
930 2474 946 2514 o
965 2460 1059 2530 angul.
1078 2460 1138 2518 will
1154 2461 1226 2516 Dan.
1245 2466 1274 2515 et
1291 2459 1430 2529 cingulum
1448 2459 1530 2515 lesco.
1561 2487 1595 2499 -
1624 2461 1650 2512 8.
1670 2457 1716 2511 die

428 2548 465 2584 s.
493 2537 534 2585 cat
573 2538 645 2586 act.

485 2636 507 2673 c.
527 2618 682 2676 Benrcrh.
719 2619 802 2691 ,Ans
824 2622 886 2676 eine
903 2620 1090 2690 vollstdnds'pc
1111 2616 1325 2689 Verdcirlceluuo
1351 2619 1401 2674 der
1420 2619 1495 2674 alten
1512 2615 1716 2672 Notlcer’sehcn

413 2688 509 2745 ls'srret
538 2692 637 2746 nlenten
662 2694 784 2747 arcels-erc
802 2693 969 2763 Seqceucen,
998 2693 1043 2747 die
1069 2693 1101 2746 in
1127 2692 1204 2745 etum
1225 2689 1423 2747 Wicsbadener
1447 2688 1639 2756 Hoodschrift
1667 2689 1715 2743 des

412 2763 454 2814 12.
473 2761 574 2816 Jalula
593 2764 654 2818 sich
666 2764 765 2834 finden
784 2763 851 2832 (No.
870 2767 931 2819 127.
949 2766 1011 2818 265.
1031 2765 1105 2831 olo).
1140 2762 1213 2817 Dies
1231 2762 1298 2819 sind
1315 2761 1458 2818 wirlcla‘che
1476 2762 1595 2829 Prosae,
1620 2760 1716 2812 tndem

412 2834 453 2886 sie
465 2834 530 2901 j'ust
546 2850 621 2903 porra
640 2836 687 2890 dea
705 2835 912 2961 rhlrsthmiechcrt
930 2832 1090 2889 Elementes
1107 2834 1265 2903 entdehrcn,
1284 2834 1343 2890 aad
1360 2833 1539 2889 dicAbsdtsc
1550 2833 1611 2887 siclt
1624 2847 1715 2901 pacr-

413 2907 494 2959 roez'se
513 2908 585 2962 arach
603 2909 635 2962 in
654 2907 704 2963 der
727 2908 794 2964 'ahl
812 2909 862 2964 der
880 2907 976 2964 Sithon
993 2907 1071 2963 nieht
1089 2908 1297 2977 cateprcchcu.“
1332 2907 1453 2963 Bartsch
1469 2906 1498 2962 S.
1516 2908 1578 2961 142.
1597 2906 1659 2959 143.

774 3170 842 3233 128.
886 3165 938 3232 De
951 3165 1129 3252 sesti-citato
1142 3170 1344 3247 pececosres.

414 3304 440 3362 l.
467 3301 537 3364 lum
551 3301 700 3383 iucunda,
715 3304 770 3368 lux
784 3304 926 3385 insignis,
1142 3302 1242 3368 Visae
1258 3308 1334 3367 sunt
1350 3300 1509 3384 primitiae

468 3386 538 3460 (lna
552 3385 592 3448 dc
607 3387 722 3454 throno
737 3388 854 3455 missus
872 3388 957 3470 ignis
1141 3386 1311 3452 Nascentis
1325 3386 1489 3464 eeclesiae,

466 3469 503 3532 ln
520 3469 640 3535 Oinisti
656 3471 830 3553 discipulos
1141 3470 1218 3535 Tria
1232 3470 1367 3553 primmn
1383 3469 1492 3534 millia.

469 3553 574 3618 Corda
589 3556 701 3637 replet,
721 3557 847 3636 linguas
864 3556 956 3637 ditat,
1086 3557 1115 3617 5.
1140 3555 1245 3620 Panes
1261 3554 1342 3636 legis
1359 3553 1511 3636 primitivi

467 3638 517 3700 hd
533 3640 908 3706 concordesnosinvitst
1141 3639 1207 3706 Sub
1222 3658 1287 3706 una
1301 3642 1377 3705 sunt
1389 3636 1531 3720 adoptivi

469 3721 621 3802 Linguae,
639 3723 743 3789 cordis
756 3724 913 3790 modulos.
1142 3722 1440 3807 Fidoduopopuli:

414 3808 442 3866 2.
470 3805 616 3870 (iliristus
631 3807 717 3872 misit
732 3808 817 3890 quod
832 3810 978 3889 promisit
1140 3808 1182 3873 Se
1197 3806 1320 3874 duobus
1336 3805 1494 3872 interiecit

470 3890 589 3968 lignus
605 3908 749 3972 sponsae,
765 3909 861 3972 qnam
876 3893 987 3959 revisit
1140 3892 1255 3973 Sieque
1270 3892 1350 3958 duos
1365 3909 1463 3956 unum
1478 3888 1554 3954 lecit

468 3974 527 4037 lue
541 3974 819 4056 quinquagesima:
1140 3976 1245 4057 Lapis,
1261 3973 1490 4058 caputanguli.

467 4059 546 4121 l‘ost
560 4058 722 4124 dulcorem
741 4061 889 4125 melleum
1085 4058 1114 4119 6.
1142 4059 1238 4126 Utres
1254 4060 1337 4138 novi,
1352 4076 1415 4124 uon
1432 4056 1551 4125 vetusti

468 4143 564 4205 Petra
579 4127 663 4207 ludit
677 4144 791 4223 oleum,
1141 4146 1223 4210 Sunt
1237 4161 1371 4226 capaces
1384 4142 1459 4208 novi
1474 4141 1580 4221 musti,

467 4226 848 4294 l’etraiamfirmissima.
1140 4228 1227 4294 Vasa
1241 4234 1335 4310 parat
1349 4227 1460 4293 vidua:

350 4323 354 4332 ’
412 4310 440 4366 3·
468 4311 503 4375 ln
519 4311 646 4375 tabellis
661 4313 771 4391 saxeis
1141 4312 1310 4394 Liquorem
1326 4312 1382 4378 dut
1397 4310 1574 4386 llelisaeuS,

468 4394 538 4458 Non
554 4395 585 4459 in
603 4395 719 4476 linguis
735 4396 838 4476 igneis
1140 4396 1241 4461 Nobis
1257 4415 1382 4462 sacrum
1397 4413 1502 4459 rorem
1517 4394 1613 4472 Deus

468 4479 533 4543 Lex
549 4478 589 4542 do
606 4485 712 4544 munte
728 4482 860 4562 populo:
1140 4482 1174 4547 Si
1189 4482 1285 4546 corda
1302 4481 1367 4545 sint
1381 4497 1531 4560 congrua.

467 4562 581 4627 Punicis
598 4565 703 4629 cordis
718 4567 845 4629 rrovitas
1086 4574 1113 4632 7.
1140 4565 1211 4630 Non
1226 4565 1286 4631 hoe
1300 4568 1406 4629 rrrrrsto
1421 4564 1470 4628 vel
1486 4562 1621 4643 liquore,

467 4645 509 4711 llt
524 4646 704 4727 linguarum
720 4649 826 4713 intritus
1139 4649 1211 4718 Non
1226 4649 1285 4714 hoe
1299 4667 1409 4714 sumus
1424 4647 1512 4728 digni
1530 4666 1612 4725 rore,

467 4731 618 4796 llatnrin
634 4734 814 4797 coenaculo.
1141 4732 1175 4798 Si
1191 4732 1353 4798 discordes
1367 4733 1527 4797 moribus:

411 4819 440 4878 4.
468 4815 494 4879 l)
510 4833 605 4896 oriam
620 4815 705 4896 felix,
720 4836 817 4897 quam
832 4815 947 4884 festiva
1138 4816 1176 4881 In
1192 4816 1334 4882 obscuris
1350 4817 1401 4882 vel
1415 4815 1525 4882 divisis

467 4898 553 4978 Dios,
569 4900 601 4963 in
618 4919 680 4981 qna
694 4901 856 4983 primitiva
1044 4935 1049 4944 ·
1139 4900 1210 4965 Non
1225 4905 1332 4982 potest
1345 4901 1425 4967 haec
1438 4899 1607 4985 paraclisis

467 4983 634 5050 Fundetur
648 4985 797 5053 ecclesia:
1138 4984 1296 5051 Habitare
1310 4984 1469 5053 cordibus.
