3975 5800
841 618 1073 711 -orr-

330 831 359 893 6.
377 824 588 907 Congregatis
601 825 737 892 navibus
1050 827 1192 906 Quarum
1209 842 1283 892 ossa
1296 830 1404 892 terrae
1418 826 1546 907 dantur,

377 908 528 992 Virgines
543 911 602 976 sub
617 909 746 976 milibus
1049 911 1093 976 Et
1106 911 1139 975 in
1155 910 1274 976 tumbis
1289 911 1485 976 collocantur

379 992 550 1060 Conduunt
565 994 718 1060 undenis:
1051 993 1130 1060 (lum
1145 994 1268 1076 ingenti
1282 994 1409 1075 gaudio.

377 1078 502 1143 Doctae
515 1076 576 1142 Dei
590 1096 731 1152 munere,
1002 1084 1031 1148 9.
1050 1078 1460 1160 Laudesergovirginibus

378 1161 512 1226 Romam
527 1167 665 1245 pergunt
680 1180 814 1246 propere
1051 1163 1262 1229 Personemus
1276 1170 1326 1229 tot
1340 1163 1470 1228 milibus

380 1245 533 1311 Vultibus
552 1247 684 1311 serenis.
1051 1249 1137 1314 Voce
1152 1246 1253 1313 clara:

332 1337 360 1396 7.
379 1329 443 1396 Ubi
458 1336 585 1397 sanctos
598 1331 793 1412 invocantes,
1052 1329 1175 1407 Quibus
1190 1331 1287 1396 datur
1302 1331 1493 1398 coelestibus

380 1414 501 1497 Papam
517 1414 577 1480 sibi
593 1416 751 1480 sociantes
1053 1415 1165 1480 choris
1178 1415 1389 1482 iubilantibus

381 1498 523 1564 Veniunt
539 1497 720 1563 Coloniam:
1050 1499 1136 1565 Laus
1152 1500 1325 1581 praeclara.

380 1583 417 1649 In
432 1601 498 1664 qua
511 1588 587 1647 sunt
602 1584 642 1648 ab
658 1582 784 1648 Hunnis
800 1598 921 1662 caesae,
985 1587 1033 1651 10.
1054 1583 1125 1649 Hae
1141 1583 1275 1667 puellae,
1291 1583 1366 1648 Iesu
1380 1582 1471 1662 hone,

383 1666 511 1747 Gultris
528 1685 613 1744 ense,
633 1668 706 1733 telis
720 1667 834 1744 laesae,
1051 1667 1151 1734 Nobis
1167 1684 1292 1749 semper
1307 1667 1372 1733 sint
1387 1672 1541 1750 patronae

381 1751 448 1816 Deo
464 1751 738 1832 dantesgloriam.
1054 1751 1173 1816 Contra
1187 1769 1333 1833 quaeque
1348 1751 1458 1816 noxia:

333 1840 362 1900 8.
382 1835 409 1900 0
423 1851 519 1917 quam
533 1839 662 1901 sanctae
680 1834 914 1917 praedicantur,
1054 1833 1101 1900 Ut
1115 1840 1189 1918 post
1202 1835 1297 1915 huius
1312 1836 1397 1901 ritae
1413 1853 1540 1900 cursum

381 1918 502 1984 Hostes
518 1918 605 1985 urbis
621 1920 696 1984 dum
711 1918 864 2000 fugantur
1055 1919 1251 1984 Coroncmur
1265 1937 1336 1985 cum
1351 1919 1401 1985 his
1416 1938 1553 1998 sursum,

380 2001 476 2069 Brevi
490 2002 593 2069 noctis
607 2004 729 2085 spatio:
1053 2002 1093 2068 ln
1107 2003 1236 2070 coelesti
1251 2004 1367 2085 patria.

307 2182 348 2238 m
374 2109 476 2236 §aaut
511 2111 600 2168 Morel
618 2112 671 2169 No.
689 2114 750 2166 651.
768 2110 797 2166 S.
816 2113 870 2165 317
896 2125 962 2166 aar:
988 2110 1041 2167 Ha.
1060 2129 1097 2166 eu
1114 2110 1156 2168 St.
1175 2111 1275 2168 Galles
1302 2113 1355 2170 No.
1373 2115 1427 2168 546
1453 2112 1609 2184 (Euander),

670 2523 742 2585 861.
784 2517 837 2585 Dc
856 2539 907 2592 aa..
928 2476 1048 2587 llrsalo
1069 2539 1140 2587 cam
1159 2522 1264 2586 sociis

312 2669 340 2729 l.
373 2663 490 2745 Magne
504 2661 599 2740 Deus,
615 2660 781 2740 mirabilis,

374 2747 411 2813 ln
427 2745 548 2812 sanctis
563 2744 628 2810 tuis

375 2829 437 2910 Qui
451 2828 578 2896 infirma
590 2828 700 2895 mundi
716 2827 817 2909 eligis,

373 2916 485 2982 Fortia
499 2932 645 2997 quaeque
660 2911 836 2978 confundis.

312 3022 343 3082 2.
375 3015 448 3081 Tibi
463 3014 522 3080 soli
539 3015 636 3097 digna

374 3097 522 3164 Laudum
535 3098 745 3181 persolvimus
759 3097 940 3179 praeconia.

340 3255 341 3259 ,
376 3183 447 3248 Tua
460 3184 580 3248 uirtute
594 3184 691 3249 turba
704 3182 848 3264 virginea

376 3266 478 3333 Hoste
493 3266 616 3333 deuicto
632 3265 695 3332 fert
708 3265 871 3349 trophaea.

316 3373 345 3437 3.
376 3368 477 3433 Fovet
491 3368 606 3434 chorus
617 3385 701 3433 nunc
714 3366 788 3432 illas
802 3365 961 3448 syderum,

376 3452 498 3518 Premit
511 3452 595 3519 hunc
609 3468 718 3518 carcer
733 3455 904 3517 tartareus.

377 3535 540 3602 Victoriae
554 3536 633 3603 haec
647 3539 723 3601 sunt
736 3532 920 3618 primordia,

378 3622 427 3686 De
442 3620 563 3703 nuptiis
577 3619 614 3686 fit
627 3637 739 3702 regum
754 3617 931 3684 concordia.

320 3728 348 3788 4.
376 3721 458 3788 Nam
473 3717 602 3802 Ursule,
616 3719 794 3787 Brittorum
808 3716 874 3785 filia

380 3804 511 3871 Stabilit
524 3822 583 3871 sna
598 3805 644 3870 sic
658 3803 829 3889 sponsalia,

380 3887 425 3954 Ut
438 3889 566 3955 undena
579 3889 664 3955 lecta
677 3887 765 3954 miha
781 3887 926 3969 uirginea

380 3972 494 4040 Secum
509 3972 629 4040 vadant
642 3974 684 4039 ad
701 3971 860 4038 coelestia.

323 4080 349 4140 5.
383 4075 473 4141 Casti
488 4075 556 4141 ludi
571 4075 646 4141 dum
660 4073 912 4157 frequentantur,

382 4158 572 4225 Germaniae
585 4160 742 4242 portubus
756 4157 868 4223 classis
882 4156 928 4222 sic
943 4156 1126 4239 appellitur.

382 4243 545 4324 Cisalpina
558 4242 686 4309 tandem
702 4243 813 4309 littora
827 4241 930 4307 Rheni
945 4249 1103 4322 premunt,

382 4326 511 4393 Trieres
526 4327 687 4407 deserunt,
702 4325 888 4393 Romuleam
903 4342 1009 4390 arcem
1024 4326 1153 4392 adeunt.

325 4436 352 4496 6.
382 4426 467 4492 Hinc
481 4444 579 4492 naues
594 4426 697 4493 Rheni
711 4430 796 4505 sunt
811 4430 844 4490 et
858 4424 910 4490 uia
924 4424 1064 4489 mirabili

381 4510 437 4591 Te,
453 4509 589 4591 Christe,
605 4510 764 4592 praeduce
779 4507 942 4574 Coloniam
957 4526 1059 4588 usque
1073 4509 1218 4577 redeunt.

382 4592 468 4670 Quas
484 4593 578 4660 obvia
591 4592 675 4661 felici
690 4611 766 4659 nece
782 4594 840 4659 das
853 4610 933 4674 gens
948 4590 1094 4658 barbara.

382 4678 447 4745 Sed
461 4678 609 4745 uictrices
623 4678 682 4744 has
698 4695 833 4762 sponsus
848 4676 952 4743 evexit
966 4678 1008 4742 ad
1024 4677 1165 4744 aethera.

324 4783 351 4844 7.
384 4777 411 4844 0
425 4790 522 4860 quam
538 4777 634 4861 digna
649 4778 755 4861 palma
768 4776 936 4857 uirginum,

382 4860 535 4928 linctum
550 4861 658 4929 ierunt
671 4880 746 4928 nam
762 4861 978 4940 centesimum,

384 4945 572 5030 Novumque
587 4947 744 5013 canticum

383 5028 556 5098 Resdtam
569 5032 644 5114 agni
657 5034 731 5116 post
743 5030 929 5115 vestigiuml

361 5131 469 5186 Μ
481 5130 616 5185 &uum
