3975 5800
873 612 1101 675 -312-

342 801 371 861 3.
397 792 510 859 Carnis
523 792 680 857 lenocinia
988 796 993 881 ξ
1015 795 1044 854 5.
1071 789 1147 855 Post
1162 789 1359 871 triumphurn
1375 788 1524 855 habitum

398 876 507 942 llundi
524 876 647 959 spernit
661 877 755 940 noxia
989 886 993 961 Ι
1070 872 1112 939 Et
1128 873 1252 939 felicem
1271 876 1390 939 exitum

398 960 639 1025 Blandimeutu:
988 964 994 1043 ¹
1073 958 1126 1021 Pie
1141 958 1247 1024 reddit
1262 958 1408 1041 spiritum

398 1044 522 1109 Damna
537 1062 607 1109 cum
624 1046 755 1109 incuriis
989 1058 994 1109 ε
1070 1042 1294 1122 Redernptori:

398 1128 498 1193 llurit
511 1148 570 1211 pro
585 1128 708 1193 deliciis
989 1126 994 1181 l
1070 1123 1238 1191 Proculus
1254 1127 1421 1192 dulcedine

399 1211 440 1275 Et
456 1220 625 1277 commuta.
989 1198 993 1257 ¹
1072 1208 1170 1275 Sacro
1186 1209 1299 1275 doctus
1313 1209 1442 1275 flamine

989 1272 994 1391 Ι
1072 1291 1428 1375 lluxitfusosanguine

1071 1377 1171 1443 Dulce
1186 1380 1277 1443 mori.

342 1470 371 1527 4.
399 1463 533 1528 l'onteur
549 1463 633 1527 vitae
650 1462 761 1526 sitiens
989 1394 994 1521 Ι
1016 1460 1045 1521 6.
1072 1461 1197 1542 llartyr
1211 1460 1419 1539 sanctissime,

399 1547 547 1611 Cucurrit
562 1564 622 1610 non
638 1546 777 1611 sentiens
1070 1545 1144 1610 Flos
1159 1544 1308 1627 fragrans
1322 1544 1434 1610 intime

399 1631 603 1696 laesionem:
1071 1626 1584 1712 auinstarrosacpulcherrimae,

398 1715 521 1780 Cuncta
535 1714 611 1779 tulit
626 1716 751 1796 rnatiens
1070 1712 1164 1794 Pugil
1179 1712 1354 1779 fortissime

399 1797 447 1864 Ad
464 1798 581 1864 Christi
598 1797 771 1878 respiciens
1071 1797 1122 1863 Sis
1137 1796 1227 1863 nobis
1244 1798 1363 1880 optime

399 1882 592 1949 Passionem.
989 1868 993 1943 l
1069 1881 1171 1946 Tutor
1181 1882 1323 1964 corporis
1335 1887 1368 1947 et
1379 1880 1517 1947 animae.
1532 1878 1638 1942 Amen.

411 1989 506 2045 Text.
542 1989 619 2045 Mine.
639 1989 734 2044 Colon.
756 1991 832 2044 1520.
861 2017 895 2028 —-
922 1989 1023 2043 Daniel
1042 1989 1077 2057 Il,
1097 1993 1156 2044 195.
1182 1991 1233 2045 leot
1251 1991 1297 2045 dic
1314 1993 1332 2043 2
1349 1994 1442 2045 cretcn
1460 1986 1559 2043 maen
1576 1999 1640 2041 ortt:

343 2064 464 2132 Antiquo
484 2061 619 2119 ecclcsiae
638 2059 812 2117 coloniensis
831 2059 949 2114 llliasali.

679 2355 751 2416 438.
795 2350 836 2415 Io
858 2353 1015 2416 coercemini
1037 2353 1134 2416 troius
1156 2349 1316 2433 lironfyrr's‘.

367 2466 394 2523 l.
417 2460 517 2525 Adest
531 2461 623 2526 nobis
639 2460 706 2525 dies
720 2460 805 2525 ulma
819 2467 852 2526 et
867 2480 982 2542 magno
998 2464 1115 2544 gaudio
1130 2461 1235 2544 plena,

364 2546 392 2608 2.
416 2544 453 2608 ln
469 2561 532 2624 qua
546 2550 657 2609 salicta
671 2543 738 2609 Deo
753 2550 846 2623 grato
860 2546 1039 2627 congaudet
1054 2547 1196 2612 ecelesia.

365 2632 392 2693 3.
416 2626 520 2692 Hodie
535 2629 683 2693 coelestis
705 2632 801 2694 turbu
823 2630 971 2708 laetatur,
994 2649 1076 2712 quoe
1100 2631 1233 2711 gloriam
1249 2632 1357 2694 cantat
1371 2628 1405 2694 iu
1419 2625 1555 2691 excelsis
1570 2638 1640 2689 voce

494 2712 657 2778 dulcisona
672 2730 743 2777 cum
759 2713 955 2795 symphonia.

363 2800 393 2859 4.
415 2795 519 2859 Hodie
539 2797 684 2875 pilorum
707 2804 819 2862 sancta
841 2799 969 2879 agmina
984 2798 1168 2864 collaudant
1187 2816 1293 2879 regem
1309 2797 1412 2862 Deum
1429 2799 1576 2862 nostrum
1590 2808 1640 2858 nt·

493 2885 561 2945 lum
577 2898 614 2944 ex
630 2881 751 2960 virgine
766 2886 878 2946 scureto
892 2882 1004 2948 Maria.

364 2969 392 3027 5.
416 2967 483 3028 Avo
498 2964 613 3046 inelyte
628 2971 749 3048 martyr
765 2965 895 3038 Christi,
912 2967 960 3047 N„
976 2967 1036 3032 llos
1051 2967 1280 3049 pulcherrime

365 3052 393 3110 e.
415 3047 461 3112 Tu
478 3049 614 3130 uestigia
629 3048 747 3115 Christi
764 3055 892 3116 secutus
908 3068 942 3115 es
957 3058 1062 3117 mente
1078 3052 1209 3128 deuotu;

366 3137 393 3195 l.
417 3133 548 3197 Aeterni
564 3134 648 3214 regis
663 3133 799 3216 adeptus
815 3153 849 3199 es
866 3153 973 3216 regno.

363 3219 393 3280 8.
416 3214 482 3281 lam
499 3217 671 3298 gratularis
686 3218 719 3281 in
735 3218 827 3283 domo
843 3236 981 3300 superna
995 3220 1163 3301 possidens
1179 3218 1271 3284 sedes
1285 3216 1396 3282 alinae.

364 3303 392 3363 9.
415 3299 460 3364 Te
477 3301 675 3384 postulemus
689 3307 724 3366 at
737 3303 899 3383 poscimus
915 3321 986 3381 uua,

344 3388 393 3449 10.
418 3385 542 3450 Adiuro
558 3393 612 3451 tuo
627 3389 737 3450 saneto
754 3384 906 3467 suffragio
920 3386 1066 3469 fragilem
1084 3388 1180 3451 vitam
1198 3391 1345 3452 nostram.

345 3473 393 3533 11.
416 3467 443 3533 0
458 3467 561 3546 beate,
577 3490 596 3533 o
611 3474 719 3534 sancte
734 3469 783 3549 N.¹
799 3489 855 3553 pro
871 3471 963 3537 nobis
978 3470 1131 3555 supplica,

347 3555 393 3615 12.
416 3549 462 3616 Ut
476 3571 540 3617 uno
555 3571 733 3618 ruerenmur
748 3558 859 3619 sancte
874 3555 1033 3619 coelorum
1049 3555 1169 3634 templu

345 3639 392 3699 13.
417 3635 593 3716 Possidere,
610 3637 686 3703 laeti
702 3647 867 3703 cernentes

348 3724 393 3784 14.
417 3720 510 3785 Almo
525 3721 652 3801 gaudia,
668 3738 750 3801 quine
765 3727 839 3787 sunt
853 3721 960 3802 plena.

345 3807 391 3866 15.
414 3801 464 3867 Sit
477 3803 546 3868 Deo
561 3803 659 3884 sulus,
677 3804 776 3870 lronor
791 3812 823 3871 et
837 3805 984 3870 iubilatio
1003 3812 1102 3881 cesta,

345 3891 392 3951 16.
417 3885 477 3963 Qui
493 3892 606 3968 regnat
621 3906 679 3971 per
693 3890 799 3954 onmia
813 3891 1014 3955 saeculorum
1030 3889 1166 3955 saecula.

345 3975 393 4036 17.
415 3971 516 4036 Amen
531 3971 639 4037 dicant
654 3974 768 4038 omnia.

413 4095 438 4133 a.
456 4077 550 4134 Text.
588 4080 676 4135 Neule
695 4096 721 4148 p.
741 4083 801 4137 225.
821 4096 836 4137 e
855 4081 934 4139 lliss.
952 4082 1126 4138 Nidroeionsi
1148 4083 1224 4136 1519.
1262 4109 1294 4121 ·-
1331 4078 1431 4135 Daniel
1452 4078 1485 4149 V,
1505 4080 1567 4136 337.
1594 4076 1640 4132 leot

341 4150 394 4204 den
413 4149 483 4206 Text
502 4168 555 4207 aue
573 4151 669 4207 Neale.

412 4237 438 4292 b.
458 4235 613 4292 Beiiuerl.
651 4238 730 4306 „Der
748 4237 883 4310 Einyauq
901 4240 1008 4294 eclceint
1025 4256 1099 4310 ganz
1117 4255 1154 4294 zu
1166 4240 1272 4308 felleo,
1291 4239 1336 4293 dic
1359 4236 1454 4292 Worte
1473 4236 1523 4292 der
1532 4241 1558 4291 1.
1569 4233 1640 4290 Zeita
1669 4241 1677 4264 ’

341 4306 408 4362 aiud
434 4309 534 4363 berella
560 4311 609 4363 dci·
634 4317 705 4365 erote
732 4311 846 4364 Stolleu.
888 4309 950 4364 Wie
977 4312 1026 4365 der
1044 4310 1187 4381 Eiuyauy,
1215 4325 1246 4364 eo
1269 4311 1344 4378 fehlt
1363 4309 1434 4365 auch
1453 4308 1503 4363 der
1521 4306 1639 4372 Scitote,

341 4378 531 4505 geroltewrlmen
559 4381 653 4435 dicarit
681 4383 773 4437 omnia
799 4384 838 4436 iel
865 4382 1098 4438 wolireclieiulicle
1125 4383 1170 4435 cin
1196 4384 1326 4439 ruricoliter·
1352 4379 1486 4437 Zueolt.“
1525 4375 1639 4434 Bartsch

784 4709 856 4768 439.
898 4703 952 4769 De
972 4724 1036 4769 uno
1058 4709 1205 4786 oiortyrc.

344 4825 371 4886 l.
396 4820 590 4887 locuudotur
604 4841 642 4886 ex
658 4821 773 4888 ellectu
1068 4820 1195 4887 Laudes
1211 4820 1278 4887 Deo
1294 4817 1493 4886 decantando

398 4903 520 4970 Chorus
536 4913 645 4972 noster
658 4907 691 4972 in
709 4909 882 4990 conspectu
1070 4905 1308 4987 Martyremque
1330 4900 1541 4971 collaudando

397 4987 545 5058 Summae
559 4990 639 5057 coeli
653 4990 777 5057 curiae:
1068 4986 1452 5074 Triumphantemhodie
