3975 5800
870 594 1101 659 ..244-

356 789 385 851 5.
408 781 660 884 Hunelaudaut
683 780 812 862 agmina
836 796 928 845 sacra
953 778 1141 845 Sanctomm
1170 779 1311 844 omnium
1339 779 1371 844 in
1399 777 1517 844 tellure
1543 797 1641 863 para·

358 958 387 1018 6.
409 953 452 1018 Et
466 868 734 1017 cgdffltaariii'cantiea
748 968 839 1028 nora,
863 948 1025 1015 Christum
1048 948 1217 1015 Dominum
1239 947 1414 1028 laudantia,
1435 964 1493 1029 per
1512 919 1643 1014 saecula

487 1041 626 1100 aeterna.

358 1127 387 1184 7.
410 1121 489 1186 llluc
504 1118 822 1265 sequnnturlhgnum
847 1119 1011 1201 praevium
1033 1118 1163 1196 Ducem,
1189 1118 1364 1183 calcantem
1385 1114 1480 1181 flores
1494 1134 1553 1197 per
1567 1134 1644 1197 gra·

486 1221 572 1268 mina
586 1219 681 1266 rosen
695 1220 722 1281 a,

358 1296 387 1354 8.
411 1288 508 1354 Stelis
523 1287 607 1353 albis
621 1285 752 1365 fulgida,
769 1286 883 1368 palmis
899 1292 1022 1363 ornata,
1041 1290 1191 1366 sertaque
1206 1289 1333 1365 gestant
1348 1283 1506 1365 capitibus
1519 1283 1641 1350 laurea.

359 1378 387 1437 9.
411 1373 623 1452 Tempserunt
638 1388 773 1451 namque
789 1370 913 1435 lubrica
928 1371 1022 1436 huius
1037 1370 1146 1434 mrmdi
1162 1368 1329 1446 lenocinia,
1355 1368 1533 1451 spernendo
1547 1386 1642 1450 prae-

487 1457 597 1531 seutia,
614 1454 865 1536 suspirandoque
880 1473 1007 1537 semper
1026 1454 1143 1518 coelica

341 1545 388 1604 10.
413 1539 550 1622 Spiritus
567 1539 674 1603 Sancti
690 1539 803 1619 gratia,
818 1540 907 1603 cuins
922 1540 1009 1604 clara
1024 1538 1159 1603 rutilant
1174 1537 1266 1617 dena,
1289 1537 1406 1619 quihus
1429 1536 1644 1618 sempiternae

488 1625 572 1686 11111
587 1625 808 1704 consequimur
823 1642 939 1703 inagna
954 1624 1106 1706 praemia.

342 1713 389 1772 11.
411 1708 513 1789 Ipsius
530 1708 612 1772 enim
628 1705 737 1772 afflatu
752 1715 862 1772 nostra
877 1714 1056 1790 purgantur
1069 1708 1191 1785 intima,

341 1795 389 1854 la.
412 1791 576 1857 Mentibus
593 1811 717 1873 quoqne
733 1793 878 1874 purgatis
894 1799 1008 1857 errncta
1022 1792 1168 1856 delentur
1184 1791 1324 1856 crimina.

342 1880 389 1939 13.
413 1876 496 1940 Huic
511 1876 623 1940 Deitas
639 1877 722 1956 iugis
738 1882 795 1952 cst,
811 1894 882 1940 cnm
897 1876 994 1942 Patre
1010 1893 1132 1940 summo
1148 1874 1284 1956 Natique
1299 1874 1443 1957 potentia

342 1965 390 2023 14.
414 1961 495 2024 Arce
511 1978 650 2041 superna
665 1978 723 2041 per
737 1962 873 2038 saccula,
889 1959 952 2041 qna
966 1963 1062 2025 beata
1078 1961 1265 2026 Sanctorum
1282 1965 1357 2023 sunt
1371 1958 1509 2041 agmina,

344 2047 392 2106 15.
415 2045 545 2109 Aeterni
559 2045 688 2109 luminis
703 2044 788 2109 claro
804 2045 972 2126 splendore
987 2045 1146 2121 micantia,

342 2132 389 2191 16.
413 2128 643 2208 Divinitatiqne
659 2147 800 2192 sommae
817 2146 943 2209 semper
959 2129 1152 2194 assistentia.

343 2217 389 2274 11.
411 2212 481 2276 Illic
496 2218 607 2276 tenent
621 2214 734 2277 sedilia
748 2213 907 2278 distinctis
924 2212 1088 2279 ordinibus
1105 2212 1273 2293 dignanter
1289 2213 1460 2290 constrata,
1469 2212 1645 2292 nostraque

490 2303 637 2376 spectant
651 2296 822 2371 consortia,

344 2384 391 2442 18.
414 2381 450 2444 11
466 2380 593 2445 Deitate
609 2378 711 2444 Unica
725 2379 913 2445 Trinitatem
930 2380 1079 2445 Sanctam
1096 2381 1264 2458 cernentia,
1281 2381 1312 2444 in
1328 2377 1430 2459 gloria
1444 2383 1586 2459 aeterna,

344 2467 391 2526 111.
416 2465 463 2527 hd
480 2484 573 2545 qrnarn
590 2482 648 2528 nos
663 2465 748 2529 Dens
763 2465 961 2546 omnipotens
978 2469 1050 2546 post
1064 2465 1177 2529 ultima
1191 2464 1346 2547 perducat
1360 2460 1483 2528 funera.

341 2553 390 2612 20.
414 2549 585 2612 Laetamur
598 2548 641 2612 ibi
658 2567 714 2630 per
729 2549 855 2613 saccula
870 2566 940 2613 oum
956 2549 1088 2629 Angelis
1103 2549 1202 2630 ipsius
1217 2549 1257 2612 od
1274 2548 1430 2624 dextram,

342 2636 391 2694 21.
414 2630 450 2695 ln
466 2650 530 2712 qna
545 2632 722 2712 gloriantur
737 2631 844 2698 Sancti
861 2651 979 2711 omues
998 2651 1130 2714 quorum
1145 2633 1223 2698 haec
1238 2636 1312 2696 sunt
1326 2629 1451 2696 festiva.

342 2720 391 2778 22.
414 2715 514 2779 Arinen
530 2717 690 2780 11111111
708 2717 807 2780 iubilo
822 2723 997 2797 personant
1011 2717 1177 2798 redempta
1192 2717 1338 2781 Alleluia.
1369 2717 1480 2780 Amen.

412 2840 437 2876 1.
456 2823 550 2877 Tcoet.
587 2824 674 2878 Nonle
694 2841 720 2892 p.
742 2828 801 2879 197.
820 2839 836 2878 e
855 2825 933 2880 Miss.
954 2825 1101 2879 leodiensi
1123 2827 1200 2880 1513.
1220 2855 1253 2864 -
1272 2823 1372 2878 Daniel
1390 2824 1425 2893 V,
1444 2821 1647 2879 3111111111

340 2895 411 2951 Tcat
430 2912 482 2951 aua
501 2895 596 2950 Neale.

412 2983 438 3037 b.
458 2982 643 3036 Loearten.
683 2988 723 3039 10.
752 2983 823 3038 Dedi
852 2984 975 3050 quibus
1002 2984 1219 3052 sempiterna
1245 2999 1296 3053 pro
1325 2986 1423 3052 queis
1448 2988 1586 3049 eterna,
1614 2987 1649 3035 ut

342 3055 651 3194 ffiffigcfflffioeffr'
670 3056 704 3110 N.
724 3085 758 3096 —-
780 3058 820 3111 18.
848 3056 912 3110 Sine
931 3055 1014 3110 dnbio
1033 3055 1079 3111 hic
1098 3072 1194 3112 versus
1213 3056 1390 3126 praecedenti
1408 3053 1569 3124 respondet,
1596 3052 1649 3107 sed

708 3469 778 3529 338.
824 3464 866 3529 la
901 3466 1058 3530 cenomani
1092 3470 1280 3529 scanciarum.

729 3582 845 3651 (Auctor
864 3587 906 3638 eet
923 3581 1015 3636 Adam
1033 3582 1067 3637 de
1087 3582 1113 3636 S.
1132 3581 1265 3648 Victore.)

350 3708 375 3765 1.
403 3702 566 3782 Supernae
581 3703 695 3767 matris
709 3703 829 3783 gandia
1020 3709 1048 3767 5.
1074 3701 1214 3768 Gundusa
1229 3708 1304 3767 sunt
1318 3701 1370 3765 hic
1384 3701 1500 3780 omnia,

401 3787 632 3868 Repraesentat
647 3788 790 3866 ecelesia,
1074 3786 1162 3869 Spes,
1180 3795 1294 3862 metus,
1310 3803 1445 3862 moeror,
1460 3783 1624 3865 gaudium,

402 3872 484 3934 Dum
500 3869 583 3934 festa
598 3871 674 3934 colit
688 3890 803 3949 annua,
1074 3872 1136 3935 Vix
1150 3871 1230 3935 hora
1244 3870 1294 3935 rel
1310 3868 1441 3934 dimidia

402 3955 549 4035 Suspirat
564 3954 605 4017 ad
619 3962 783 4035 perpetua.
1075 3956 1128 4019 Fit
1141 3955 1173 4019 in
1190 3955 1278 4019 coelo
1294 3954 1465 4019 silentium.

346 4039 374 4096 2.
401 4039 438 4103 ln
453 4038 513 4102 hac
528 4036 610 4101 valle
625 4038 773 4103 miseriae
1020 4042 1049 4102 6.
1077 4039 1179 4117 Quaem
1195 4039 1270 4103 felix
1285 4036 1478 4112 illa'cinitas,

401 4124 506 4187 Mater
522 4130 687 4187 succurrat
702 4122 796 4187 filiae.
1074 4125 1109 4188 ln
1126 4142 1190 4205 qna
1205 4124 1288 4203 iugis
1304 4119 1508 4195 sollemnitas,

402 4206 463 4270 Hic
478 4204 632 4270 coelestes
647 4204 796 4270 excubiae
1075 4206 1118 4270 Et
1131 4226 1225 4289 quam
1242 4205 1377 4270 iocunda
1392 4203 1490 4281 curia,

403 4290 576 4355 Nobiscum
592 4295 678 4353 stent
692 4290 724 4353 in
740 4290 818 4354 acie.
1075 4291 1163 4367 Quae
1179 4309 1274 4355 ennae
1290 4306 1421 4371 prorsus
1436 4285 1552 4352 nescia.

236 4447 239 4452 Ι
347 4375 376 4432 3.
402 4373 550 4453 Mundus,
568 4392 650 4447 caro,
667 4374 834 4438 daennrnia
1021 4378 1049 4437 7.
1076 4369 1589 4455 1111111111·1111111111111,

403 4459 539 4521 Diversa
553 4466 681 4522 irrorent
696 4457 825 4539 proelia,
1077 4460 1143 4524 Nec
1157 4460 1257 4536 fraus,
1273 4476 1329 4523 nee
1343 4464 1447 4522 terror
1461 4454 1612 4533 hostium,

370 4615 378 4629 ·
403 4543 536 4606 Incursu
552 4548 601 4607 tot
616 4542 875 4623 phantasmatum
1077 4542 1140 4607 Sed
1157 4562 1220 4608 nna
1233 4562 1293 4609 vox
1308 4540 1507 4619 laetantium,

403 4626 567 4690 Turbatur
581 4626 688 4691 cerdis
704 4625 881 4692 sabbatum.
1076 4626 1121 4691 Et
1134 4646 1217 4692 unus
1233 4626 1329 4690 ardor
1344 4625 1495 4691 cordium.

348 4708 377 4765 4·
405 4710 480 4774 llies
495 4708 593 4774 festos
609 4711 755 4791 coguatio
1021 4708 1051 4767 8·
1077 4710 1146 4775 lllic
1160 4713 1244 4776 cives
1260 4710 1395 4792 angelici

405 4793 505 4857 Simul
520 4794 598 4859 haec
613 4795 709 4860 habet
725 4795 807 4873 edio,
1078 4794 1143 4861 Sub
1160 4794 1338 4860 hierarchia
1352 4791 1481 4875 triplici,

406 4878 581 4959 certatque
595 4880 665 4960 pari
680 4878 807 4943 foedere
1079 4878 1194 4944 Trinae
1209 4880 1350 4959 gaudent
1364 4882 1398 4943 et
1413 4875 1550 4960 simplici

405 4962 518 5027 Pacem
536 4961 812 5029 deterratollere.
1078 4962 1119 5029 Se
1134 4963 1335 5030 monarchiae
1349 4960 1473 5029 subiici.
