3975 5800
862 477 1095 545 ..200-

357 665 387 732 3.
406 659 468 728 llic
480 656 580 728 iniert
592 656 731 725 Ioannes
745 656 828 740 Regi
1031 663 1062 726 7.
1079 657 1149 726 Rex
1162 655 1290 726 illectus
1304 659 1338 723 et
1352 654 1472 725 eiectus

406 745 521 827 Turpe,
537 742 729 810 contradicis
742 741 822 826 Legi
1080 743 1182 810 Extra
1199 740 1437 820 continentiam,

406 829 505 913 Turpi
521 828 695 895 adulterio:
1081 829 1133 894 Sic
1149 826 1292 911 puellae:
1315 825 1403 900 Pete,
1418 825 1502 892 velle

405 915 473 981 Nec
487 933 526 980 11
537 914 618 994 loge,
634 928 692 978 nec
707 929 745 978 11
759 930 848 978 more
1081 911 1184 979 Tuum
1200 908 1451 977 statimlaciam.

405 997 529 1064 Fratris
544 1002 651 1081 potest
662 1014 733 1062 cum
747 1014 846 1062 uxore
1032 1000 1063 1062 8.
1083 995 1282 1062 Consultrice
1297 995 1452 1077 genitrice

407 1080 757 1148 Carnaiiscommixtio.
1081 1081 1168 1147 Petit
1182 1098 1253 1145 cum
1267 1079 1421 1145 instantia

442 1223 449 1238 .
750 1221 756 1235 .
1081 1162 1537 1247 Caputhuius,linguacuius

358 1229 388 1292 4.
407 1223 468 1290 His
484 1227 518 1289 et
531 1223 594 1289 1th
608 1223 785 1302 inculcatis,
1081 1250 1234 1316 Monobat
1247 1249 1398 1314 salubria·

408 1307 493 1372 Dum
508 1311 661 1373 causatur
675 1306 823 1404 vestiatis
1033 1337 1062 1397 9.
1082 1334 1108 1401 0
1131 1334 1244 1400 hamus
1276 1332 1459 1411 daemonis,
1499 1327 1644 1396 crudelis

407 1391 528 1457 Praeco
542 1397 654 1473 turpes
669 1398 815 1473 nuptias:
1136 1416 1279 1500 regulus,

407 1474 529 1574 00111131
543 1475 642 1542 lilim
657 1476 718 1541 ilfi
732 1473 797 1573 Dii,
1082 1503 1108 1568 0
1143 1505 1240 1584 eaput
1267 1499 1426 1582 Gorgonis
1454 1505 1487 1566 et
1514 1497 1643 1566 fraudis

406 1559 631 1625 Machmantur
642 1558 736 1624 ambo
751 1577 809 1640 rer,
1138 1585 1284 1651 cumulus

407 1643 564 1724 Herodes,
579 1642 747 1710 Herodian.
1082 1669 1354 1738 Estinmuliere:

360 1791 389 1852 5.
408 1785 672 1865 1111111111111118Ἰ
1081 1755 1124 1823 Et
1138 1754 1265 1836 quando
1283 1755 1396 1819 caveat
1417 1755 1544 1818 uncum
1565 1751 1644 1818 dae·

409 1870 479 1948 Quo
494 1869 641 1937 Herodes
656 1869 773 1953 impius
1138 1838 1289 1918 monium,

408 1954 514 2020 Natus
530 1961 589 2036 cst,
606 1955 797 2022 revolviturg
1082 1923 1160 1989 Cum
1196 1940 1310 2004 preces
1345 1920 1474 1987 valeant
1508 1917 1571 1986 hoc
1609 1925 1645 1985 et

408 2039 550 2105 Ornatur
563 2038 729 2122 palatium,
1084 2008 1309 2157 Solfflffle

1015 2171 1064 2241 10.
1084 2174 1237 2242 Sanctum
1252 2178 1349 2257 caput
1362 2174 1575 2239 detruncatur

1082 2259 1126 2324 Et
1140 2261 1173 2325 in
1188 2259 1307 2326 mensis
1321 2261 1559 2340 praesentatur,

360 2349 390 2410 6.
409 2341 596 2409 (1111111111
612 2341 766 2421 convivio,
1082 2342 1246 2410 Saltatrici
1261 2343 1460 2425 deportatur,

409 2427 515 2494 Saltat
529 2427 562 2492 in
577 2426 718 2509 tripudio
1082 2425 1438 2509 Caediceditcythara.

408 2508 761 2576 Foedaematrisfilia:
1083 2508 1504 2587 SanetePraecoveritatis,

408 2593 541 2668 Herodi,
557 2594 738 2660 Beronibus
1085 2596 1145 2663 Sta
1158 2614 1217 2678 pro
1233 2596 1325 2662 nobis
1339 2595 1391 2660 hic
1405 2591 1590 2677 prostratis,

410 2676 483 2743 Una
497 2677 624 2761 placent
639 2677 786 2743 omnihus
1083 2681 1127 2747 Et
1142 2682 1184 2747 ad
1199 2698 1333 2762 regnum
1348 2676 1505 2744 claritatis

408 2761 514 2828 Lanae
529 2760 696 2829 lenocinia.
1084 2766 1183 2831 Nobis
1199 2766 1283 2830 viam
1297 2779 1465 2847 praepara.

408 2887 434 2927 a.
454 2869 548 2927 Text.
583 2869 686 2929 Daniel
703 2870 739 2942 II,
757 2873 819 2928 121.
837 2885 873 2929 ex
889 2871 952 2929 Act.
971 2873 1063 2930 Sanct.
1081 2874 1142 2929 lun.
1162 2871 1239 2930 Tom.
1257 2872 1306 2929 IV.
1324 2888 1351 2942 p.
1371 2874 1432 2928 708.

411 2958 437 3014 b.
455 2958 608 3015 Bemerlc.
645 2959 727 3030 „Non
745 2960 852 3029 pigebit
869 2960 1001 3016 lectorem
1028 2960 1113 3016 huius
1131 2960 1271 3028 carminis,
1290 2960 1365 3027 qnod
1383 2967 1411 3014 et
1429 2961 1596 3028 argumento
1616 2961 1646 3010 et

338 3045 467 3088 versuum
485 3032 667 3089 collocatione
684 3031 802 3087 multum
819 3032 905 3089 habet
922 3032 1134 3104 singularitatis,
1151 3033 1236 3088 habet
1253 3032 1417 3101 ingeniosi.“
1432 3028 1571 3086 Daniel.

409 2122 546 2189 Solenne
562 2124 740 2188 convivium

408 2206 560 2274 Tribunis
574 2208 755 2273 instruitur.

681 3307 753 3372 362.
795 3304 849 3372 De
869 3311 978 3373 sancto
1002 3305 1125 3372 Iocone
1146 3304 1311 3385 Baptista.

363 3444 389 3503 1.
408 3437 446 3504 In
461 3454 625 3504 occursum
641 3437 863 3507 Praecursoria
1034 3451 1064 3509 4.
1083 3438 1255 3505 Zacharias
1269 3456 1333 3503 non
1348 3434 1491 3501 admittit

411 3521 620 3587 concurrenti
635 3523 750 3604 cordis,
767 3525 840 3606 oris,
1083 3523 1272 3600 Gabrielem,
1287 3521 1363 3586 dum
1377 3518 1538 3604 promittit

413 3604 587 3671 (lurramus
602 3605 773 3687 obsequio:
1082 3606 1375 3675 Veteranofilium:

409 3690 448 3755 In
462 3690 593 3756 lucerna
606 3688 677 3755 Lux
690 3691 850 3771 laudetur,
886 3757 889 3761 ,
1084 3691 1176 3769 Quod
1192 3696 1243 3757 est
1257 3692 1287 3757 11
1301 3692 1347 3756 111
1361 3705 1542 3772 repensum,

411 3773 450 3839 In
464 3773 626 3840 Praecone
641 3781 811 3840 veneretur
1084 3775 1178 3853 Quod
1192 3792 1347 3859 suspenso
1362 3773 1399 3839 fit
1414 3789 1609 3855 suspensum

409 3856 755 3938 Iudex,Solinradio.
1084 3860 1228 3942 Linguae
1242 3859 1464 3926 ministerium.

361 3945 391 4010 2.
411 3942 518 4008 Solem
533 3942 617 4008 solet
629 3942 831 4024 repentinum

410 4026 472 4091 Vel
486 4026 564 4105 quid
578 4028 699 4107 grande
713 4028 763 4093 vel
779 4028 921 4094 diurnum
1035 4034 1064 4094 5.
1084 4029 1177 4095 Subit
1191 4033 1326 4111 tempus,
1342 4026 1431 4093 videt
1445 4028 1569 4106 natum,

411 4110 537 4192 Vulgus
552 4128 649 4191 aegre
664 4128 794 4192 capere:
1083 4113 1126 4179 Et
1140 4129 1295 4195 suspensa
1309 4112 1437 4193 loquela
1450 4115 1520 4176 tum

411 4194 517 4272 Quare
532 4194 624 4260 nohis
639 4195 797 4261 hebetatis
1083 4197 1173 4262 Patri
1188 4196 1387 4262 restituitur:

410 4278 465 4344 Sol
481 4296 639 4358 supernae
653 4280 799 4345 veritatis
1082 4282 1193 4346 Ruunt
1209 4299 1319 4346 eorum
1333 4285 1483 4362 parentes

410 4362 752 4430 Praeluxitinsidere.
1085 4365 1164 4430 Cum
1179 4366 1300 4443 vicinia,
1315 4366 1503 4442 nescientes,

362 4446 392 4513 3.
411 4446 474 4513 Hic
487 4464 679 4528 praecursor
695 4453 727 4515 et
742 4447 912 4530 Propheta,
1084 4449 1168 4527 Quid
1183 4448 1223 4514 de
1238 4467 1364 4516 sursum
1378 4449 1503 4529 geritur

409 4531 510 4597 Immo
525 4530 759 4614 Prophetarum
773 4539 868 4614 meta,

411 4615 489 4696 Legi
504 4634 625 4697 ponens
639 4618 827 4683 terminum:
1036 4627 1065 4687 6.
1083 4618 1155 4683 Non
1170 4621 1221 4684 est
1234 4618 1290 4683 illo
1305 4617 1407 4682 maior
1421 4621 1517 4684 natus

410 4698 494 4764 Mire
510 4700 615 4782 coepit
628 4720 686 4783 per
701 4703 901 4784 applausum,
1084 4702 1133 4767 De
1148 4702 1267 4771 natise
1306 4704 1435 4769 semine.

411 4783 532 4849 Ventre
547 4785 658 4851 matris
678 4786 807 4853 clausus
826 4787 968 4854 clausum
1084 4785 1149 4852 Sed
1164 4786 1283 4854 necilli
1297 4788 1510 4870 comparatur,

411 4866 595 4934 Revelando
610 4869 781 4939 Dominum
1086 4868 1148 4949 Qui
1163 4875 1258 4938 natus
1273 4890 1312 4939 ex
1325 4870 1458 4954 Virgine
