3975 5800
878 576 1110 639 -137-

346 752 378 813 6.
403 750 483 815 Tres
497 750 667 816 distinctae
680 751 879 821 hierarchiae

404 834 477 915 lugi
491 841 606 899 vacant
621 836 763 903 theoriae

401 918 537 1000 Iugique
556 920 725 1000 psalterio:

402 1002 470 1068 Nee
484 1002 612 1067 obsistit
627 1006 751 1071 theoria

403 1085 478 1151 Sive
491 1087 575 1167 iugis
589 1088 753 1153 harmonia

401 1170 473 1251 lugi
487 1171 674 1239 ministerio.

348 1256 377 1317 7.
404 1254 431 1319 0
445 1273 541 1337 quam
556 1256 655 1321 mirae
670 1258 815 1323 caritatis

401 1337 463 1404 Est
476 1357 634 1421 supernae
649 1342 788 1407 civitatis

401 1422 463 1487 Per
478 1424 563 1488 trina
578 1424 754 1490 distinct-io:

403 1504 492 1582 Quae
507 1528 565 1572 nos
580 1516 667 1573 11111
682 1513 715 1573 et
730 1515 849 1587 tuetur,

402 1589 449 1655 Ut
463 1609 503 1655 err
518 1592 609 1657 uoltis
624 1600 824 1659 restauretur

402 1674 481 1740 Eius
496 1677 674 1744 diminutio.

348 1756 377 1817 8·
404 1759 495 1825 Siout
510 1767 585 1826 stant
600 1761 760 1827 bominum

400 1844 556 1911 Diversae
571 1846 703 1925 gratiae,

401 1928 455 1995 Sie
469 1934 564 1993 erunt
579 1929 724 1995 ordinum

401 2012 581 2079 Distinctae
595 2014 718 2093 gloriae

400 2097 501 2162 Iustis
515 2098 547 2161 in
562 2099 717 2179 praemio:

401 2180 486 2248 Solis
501 2188 549 2247 est.
565 2182 629 2247 alia

401 2264 505 2342 Quam
519 2267 614 2331 lunae
629 2267 780 2347 dignitas,

402 2350 575 2415 Stellarum
590 2352 678 2415 varia

401 2434 535 2499 Relucet
550 2436 696 2501 claritas:

400 2518 454 2584 Sic
471 2519 673 2584 resurrectio.

1045 762 1074 819 9.
1092 755 1192 821 Vetus
1206 753 1300 819 horno
1315 751 1458 830 novitati,

1094 838 1135 903 Se
1149 844 1294 903 terrenus
1308 836 1441 920 puritati

1093 921 1276 988 Coniormet
1291 921 1492 987 coelestium:
1525 976 1531 987 .

1093 1006 1283 1087 coaequalis
1298 1005 1347 1070 his
1362 1003 1499 1085 iuturus

1092 1091 1181 1155 Licet
1195 1091 1335 1154 nondum
1350 1090 1443 1172 plene
1457 1107 1565 1171 parua,

1093 1174 1155 1257 Spe
1170 1178 1354 1256 praesumat
1368 1174 1553 1256 praemium.

1025 1260 1071 1325 10.
1092 1258 1137 1323 Ut
1153 1260 1192 1324 ab
1207 1259 1287 1339 ipsis
1302 1257 1491 1323 adiuvemur

1091 1343 1159 1406 Hos
1175 1344 1289 1407 ‹levote
1305 1360 1492 1407 veneremur

1093 1427 1254 1491 Instantes
1270 1426 1438 1508 obsequio:

1092 1512 1158 1575 beo
1173 1529 1232 1576 nos
1248 1511 1396 1576 conciliat

1093 1594 1286 1675 angelisque
1300 1595 1401 1661 sociat

1093 1678 1224 1743 Sincera
1238 1678 1374 1744 devotio.

1025 1765 1072 1824 11.
1092 1764 1140 1827 lle
1156 1764 1287 1827 secretis
1301 1763 1472 1829 reticentes

1091 1847 1224 1912 Interim
1239 1847 1440 1926 coelestibus,

1092 1930 1262 2010 Erigamus
1278 1950 1375 2012 puras
1390 1936 1514 1997 mentes

1091 2015 1129 2078 ln
1144 2016 1265 2079 coelum
1281 2033 1352 2079 cum
1366 2014 1524 2080 manibus.

1025 2107 1072 2166 12.
1094 2096 1139 2162 Ut
1154 2117 1293 2180 superna
1306 2117 1364 2165 nos
1380 2098 1529 2180 dignetur

1093 2182 1293 2247 Cohaeredes
1309 2184 1407 2260 curia,

1091 2266 1472 2331 mmmmmmm

1090 2352 1138 2415 Ab
1154 2351 1298 2432 utrisque
1313 2351 1428 2431 gratia.

1092 2433 1212 2518 [Capiti
1228 2436 1271 2499 sit
1286 2435 1388 2514 gloria

1090 2518 1305 2599 hlembrisque
1320 2519 1511 2603 concordia]

414 2642 441 2680 a.
461 2624 556 2680 Text.
591 2627 670 2683 llliss.
688 2625 768 2682 fratr.
788 2626 876 2681 Paris.
897 2630 967 2681 1520
985 2628 1041 2698 (Α).
1063 2658 1095 2667 -—
1115 2628 1247 2683 Clic-htov.
1267 2627 1314 2697 IV,
1334 2632 1395 2683 219.
1415 2630 1467 2699 (B).
1487 2659 1521 2669 —
1548 2629 1649 2684 Daniel

346 2694 380 2767 Π,
397 2700 442 2751 86.
462 2698 533 2752 olarrc
550 2698 667 2767 Aorgabc
686 2699 735 2752 der
755 2698 849 2769 Quellc
868 2698 919 2767 (C).

414 2783 441 2840 b.
461 2784 647 2839 Lcsorteu.
687 2790 711 2852 1,
730 2790 755 2839 2.
775 2786 857 2841 Cher.
877 2784 947 2855 psal.
966 2786 1000 2839 A.
1021 2815 1053 2825 -
1077 2790 1099 2853 1,
1119 2790 1143 2841 5.
1164 2786 1236 2841 laud.
1256 2803 1318 2842 cum
1337 2803 1439 2844 canora
1457 2790 1490 2843 Λ.
1516 2820 1550 2829 -
1579 2793 1604 2855 2,
1623 2794 1649 2846 e.

346 2856 486 2912 sollemnis
506 2860 536 2912 (1.
557 2888 589 2895 -
609 2864 634 2926 3,
656 2862 679 2912 l.
700 2858 854 2913 11111111.
874 2858 1031 2926 extirpatur
1051 2857 1084 2911 Α.
1105 2889 1138 2897 -
1158 2862 1183 2927 3,
1202 2862 1227 2913 2.
1247 2859 1397 2916 drachonis
1415 2862 1448 2915 A.
1460 2891 1492 2902 -
1504 2864 1528 2930 4,
1539 2865 1564 2915 4.
1582 2862 1649 2916 Cum

346 2928 401 2983 AB.
420 2959 455 2968 -
475 2933 500 2997 5,
521 2932 545 2983 7.
564 2930 718 2984 annichilat
735 2931 769 2984 A.
788 2960 822 2969 —
841 2935 866 2996 b,
887 2934 911 2984 3.
930 2930 1041 2997 iugique
1061 2930 1185 2985 solennia
1204 2933 1237 2984 A.
1257 2963 1290 2973 -
1310 2935 1335 3000 6,
1355 2936 1380 2987 5.
1399 2934 1525 2989 armonia
1543 2934 1577 2988 A.
1615 2962 1649 2973 -

346 3001 369 3066 7,
390 3001 1002 3070 1.1111111.-7,3.1111111111111.Λ.
1031 3032 1065 3041 -
1095 3005 1136 3057 10.
1157 3003 1229 3056 stelit
1248 3005 1352 3057 nuria
1380 3006 1414 3059 A.
1443 3036 1477 3046 -
1507 3009 1550 3072 12,
1570 3009 1648 3058 5-6.

343 3071 457 3198 2¹‚Verba
475 3073 596 3198 11191111
620 3089 731 3130 sensum
755 3080 783 3128 et
807 3073 843 3127 ad
868 3074 1010 3128 metricam
1034 3075 1163 3129 carminis
1188 3074 1324 3129 rationem
1347 3077 1507 3146 apocrypha
1531 3092 1592 3132 esse
1611 3077 1648 3130 si·

362 3146 472 3200 811111*
535 3161 579 3198 an.

413 3246 437 3285 c.
456 3229 611 3284 Bencerb.
651 3236 674 3300 1,
694 3237 718 3286 3.
743 3231 801 3302 1Ῑ91.
821 3231 868 3286 Ps.
888 3237 949 3299 137,
970 3238 994 3287 1.
1014 3265 1048 3273 -
1067 3237 1092 3303 2,
1113 3235 1138 3289 G.
1163 3232 1220 3287 Vl.
1240 3234 1331 3302 Apol.
1352 3238 1395 3301 12,
1408 3239 1430 3287 i.
1452 3264 1485 3273 —
1505 3238 1530 3303 5,
1540 3238 1564 3288 7.
1592 3234 1647 3304 191.

344 3299 418 3370 Epir.
436 3305 465 3370 2,
483 3307 509 3354 2.
529 3333 561 3342 -
582 3306 607 3371 7,
626 3308 651 3357 o.
675 3303 733 3373 191.
754 3303 923 3373 1111111122,
942 3308 985 3358 31).
1006 3336 1039 3346 -
1059 3309 1085 3372 8,
1106 3310 1146 3360 10.
1171 3251 1229 3375 Vagal.
1248 3309 1273 3359 1.
1293 3304 1364 3360 Kor.
1386 3311 1429 3373 15,
1448 3310 1491 3358 41.

904 3483 1096 3494 ———

757 3658 826 3717 170.
869 3651 922 3717 Dc-
942 3657 1051 3717 scotatio
1073 3649 1242 3717 dliclaoete.

347 3777 375 3836 l.
401 3775 438 3840 In
453 3773 570 3858 triplici
585 3776 764 3842 hierarchia

398 3859 491 3926 Nova
504 3864 596 3926 sonet
608 3862 753 3926 armonia

400 3942 618 4026 Supernorum
633 3945 796 4010 ordinum:

399 4026 467 4094 Sub
482 4031 591 4095 :liviana
604 4029 789 4096 monarchia

400 4112 632 4196 Disponuntur,
648 4121 681 4181 et
696 4114 727 4178 in
744 4115 795 4180 via

400 4197 483 4264 Sunt
497 4199 648 4265 custodes
662 4199 835 4264 hominum.

341 4279 374 4340 2.
400 4281 568 4364 Seraphim
583 4288 672 4349 stant
685 4284 719 4349 in
734 4284 858 4361 ardore,

401 4365 572 4432 Cherubim
588 4368 723 4433 stantia
738 4366 915 4448 splendore,

399 4449 519 4515 Throni
533 4451 613 4516 :lant
626 4451 758 4517 iudicia:

400 4533 461 4600 Dei
475 4533 601 4600 fervent
614 4536 647 4600 in
663 4553 780 4614 amore,

399 4619 520 4700 Regem
537 4621 645 4686 vident
659 4621 691 4686 11
707 4621 831 4690 decore,

400 4703 530 4769 Fortem
545 4706 578 4770 in
596 4706 731 4771 iustitia.

342 4783 374 4844 3·
400 4788 488 4853 Ordo
503 4789 762 4855 Dominationum

399 4871 531 4940 Habent
544 4873 727 4939 dominandi
743 4873 859 4937 donum

399 4957 584 5027 Honoribus
597 4957 726 5026 debitis:

1074 3775 1276 3857 Principatus
1290 3777 1429 3841 revereri

1074 3861 1178 3925 Deum
1194 3860 1318 3939 (locent,
1335 3866 1368 3925 et
1383 3861 1488 3927 timeri

1075 3945 1229 4011 Omnibus
1245 3963 1264 4008 a
1280 3944 1426 4010 subditis.

1019 4032 1049 4091 4.
1075 4029 1209 4094 Hostem
1224 4029 1349 4110 pellunt
1362 4029 1555 4112 Potestates,

1075 4114 1161 4178 11111
1175 4113 1310 4178 virtutes
1326 4112 1516 4195 Dignitatem

1074 4196 1232 4262 Miracula
1248 4199 1354 4262 varia:

1075 4281 1265 4360 Archangeli
1280 4281 1321 4345 ad
1336 4283 1458 4347 maiora

1075 4365 1117 4429 Et
1132 4365 1237 4444 angeli
1252 4365 1294 4430 ad
1308 4366 1432 4430 minora

1075 4448 1249 4514 Mittuntur
1264 4448 1376 4514 officia.

1019 4532 1048 4591 5.
1076 4532 1128 4598 Sic
1144 4534 1294 4599 decenter
1308 4534 1498 4599 ordinantur

1075 4617 1197 4683 Novem
1209 4619 1379 4682 drachmae
1388 4636 1469 4698 quae
1480 4619 1648 4700 signantur

1075 4705 1102 4767 l:
1117 4703 1202 4783 regis
1216 4702 1371 4783 imagine:

1076 4789 1154 4851 Cum
1170 4791 1297 4868 reperta
1312 4784 1463 4851 drachma
1477 4787 1599 4854 vaclunt

1076 4869 1178 4945 Quam
1193 4869 1382 4951 signandam
1396 4871 1477 4952 Regi
1492 4871 1626 4937 tradunt

1076 4953 1191 5020 Vultus
1205 4956 1275 5021 eius
1290 4954 1420 5020 lamine.
