3975 5800
835 525 1066 587 -117-

323 713 354 775 4.
377 704 576 787 Fungebaris
590 704 743 791 obsequio
758 707 891 789 placide,
917 726 989 774 cum
1003 709 1155 791 peperisti
1174 709 1327 791 angelico,
1348 726 1442 792 quem
1456 710 1605 790 genuisti,

452 791 538 858 filius
553 792 614 858 tibi
628 792 789 874 applausit
804 795 896 858 vultu
912 792 1033 859 hilaris.

324 880 354 941 5.
377 875 532 942 Simeonis
555 878 722 957 praesagio
747 876 842 942 hodie
868 877 979 942 orbata
1006 884 1108 942 mater
1133 879 1258 957 solatio,
1288 897 1359 943 cum
1389 878 1606 944 dulcissimam

452 961 578 1040 gladius
593 967 681 1026 tuam
695 963 902 1042 pertransivit
916 963 1064 1028 auimam.

323 1049 354 1110 6.
376 1043 477 1123 Quam
501 1051 606 1110 mater
630 1045 724 1110 anxia
748 1046 875 1122 stetisti,
901 1049 1029 1127 curando
1050 1048 1230 1128 passionom
1252 1048 1428 1113 innocentis
1449 1048 1506 1112 tilii
1532 1066 1605 1113 con·

454 1130 585 1212 spexisti
600 1128 711 1211 inclyti
726 1132 811 1195 cruci
827 1130 920 1196 affini.
1275 1164 1282 1176 ·

324 1218 353 1278 7.
377 1213 439 1278 Cor
453 1214 566 1279 matris
580 1214 691 1280 lancea
704 1213 768 1278 lilio
783 1221 909 1281 mortuo
925 1214 1093 1293 transfixit,
1110 1216 1290 1295 passionem
1307 1215 1391 1279 lilius
1408 1217 1482 1279 dum
1498 1221 1606 1296 gnsta-

451 1299 498 1364 vit
512 1316 653 1380 corpore
669 1303 772 1363 mater
789 1300 905 1364 anima.

322 1389 353 1448 8.
375 1383 545 1464 Nunquam
561 1384 660 1449 sensit
673 1383 789 1465 aliquis
803 1391 926 1465 martyr
940 1390 976 1449 ut
992 1387 1095 1448 mater
1111 1384 1246 1458 Domini,
1273 1386 1503 1466 propterquod
1518 1386 1605 1465 plns·

452 1485 548 1548 quam
562 1475 685 1551 martyr
698 1467 791 1532 anxie
806 1470 958 1534 sustinuit
973 1475 1076 1534 mater
1091 1469 1133 1547 id,
1149 1467 1232 1548 quod
1248 1486 1324 1532 suus
1340 1467 1433 1532 filius.

325 1562 354 1621 0.
377 1551 514 1634 Oquam
529 1552 631 1618 tristis
654 1557 686 1617 et
706 1550 823 1618 afflictu
843 1551 903 1618 fuit
923 1554 980 1617 illa
1003 1553 1171 1617 benedicta
1187 1555 1289 1616 mater
1303 1552 1469 1634 unigeniti.
1513 1552 1605 1630 Quod

452 1638 616 1703 moerebat
631 1641 663 1701 et
678 1637 818 1715 dolebat,
836 1638 1015 1719 perpendat
1030 1637 1089 1700 1100
1103 1637 1233 1716 qrraevis
1248 1637 1395 1715 genitrix.

304 1724 352 1785 10.
375 1721 458 1787 Audi
473 1739 539 1801 nos,
555 1727 646 1786 tuum
662 1721 753 1787 nobis
767 1722 860 1802 placa
873 1721 982 1786 filium.
1013 1721 1166 1799 Ollaria,
1183 1719 1281 1785 nostri
1302 1738 1399 1786 cansa
1414 1739 1529 1802 passus
1544 1729 1604 1802 est,

453 1823 493 1870 nc
508 1807 580 1886 quis
595 1812 707 1888 percat
721 1804 894 1871 frustratus
909 1815 1012 1871 morte
1029 1824 1095 1870 sua

303 1893 352 1953 11.
375 1889 471 1955 Salva
500 1907 568 1969 nos,
598 1908 734 1971 namque
759 1892 862 1971 aegris
889 1889 997 1956 confer
1021 1889 1186 1967 medelam,
1213 1888 1287 1953 lesu
1311 1889 1400 1965 bone,
1430 1893 1465 1954 tu
1490 1890 1605 1956 novisti

351 2031 355 2039 .
451 1973 566 2054 omnia,
582 1974 807 2055 tuosanguine
822 1975 1028 2040 curamentis
1045 1974 1185 2037 vulnera.

303 2060 352 2121 12.
374 2056 436 2122 Eia
459 2064 561 2125 mater
586 2059 712 2136 nobilis,
738 2076 833 2138 qurun
859 2060 1076 2124 vehementem
1103 2057 1243 2121 dolorem
1269 2061 1468 2135 gustaverus,
1498 2063 1604 2123 tamen

450 2142 534 2209 hunc
549 2149 606 2208 tua
620 2143 683 2209 fide
698 2149 888 2224 temperans.

302 2228 352 2289 13.
374 2223 447 2289 Filii
471 2229 658 2309 martyrium
680 2228 835 2309 passionis
857 2226 915 2292 1111
936 2244 1096 2306 nunquam
1120 2225 1224 2302 latuit,
1248 2243 1320 2288 nam
1342 2226 1374 2289 iu
1396 2230 1428 2290 te
1444 2225 1513 2291 sela
1527 2225 1605 2290 fides

450 2311 564 2393 patuit.

301 2395 461 2461 111111
490 2395 578 2461 Patri
607 2395 738 2476 gloriae,
767 2396 820 2476 qui
851 2414 908 2460 suo
937 2394 1002 2459 filio
1032 2412 1094 2457 non
1120 2393 1271 2475 pepercit,
1305 2393 1362 2457 sed
1387 2393 1520 2458 tradidit
1546 2411 1604 2477 pro

451 2480 589 2544 omnium
605 2485 750 2545 nostrum
767 2479 961 2544 criminibus.

301 2567 351 2627 15.
375 2562 459 2630 Laus
475 2565 543 2630 eius
558 2562 650 2644 Filio,
676 2565 730 2644 qui
754 2582 812 2628 suo
834 2565 987 2644 sanguine
1003 2581 1060 2627 uos
1076 2561 1160 2644 patri
1180 2561 1352 2628 concilians
1367 2563 1513 2644 supernis
1528 2562 1603 2627 0111-

452 2648 511 2714 bus
527 2647 637 2714 sociat.

300 2734 351 2795 16.
374 2729 458 2797 Laus
473 2732 517 2797 sit
531 2751 658 2815 quoquc
674 2733 790 2798 Sancto
806 2731 947 2814 Spiritui.

300 2819 350 2879 17.
372 2815 458 2880 Laus
472 2835 599 2898 quoquc
614 2817 718 2897 matri,
735 2835 816 2898 quae
831 2815 977 2881 condolet
996 2814 1153 2880 0111011110.

371 2940 395 2979 a
416 2924 512 2979 Text.
549 2926 625 2982 llliss.
645 2926 816 2981 Halberstat.
838 2931 903 2981 1511
925 2926 979 2996 (Α),
999 2926 1123 2993 Mogunt
1146 2929 1214 2981 1602
1233 2928 1285 2998 (B).

370 3013 396 3068 1.
416 3013 600 3069 Losorion.
638 3017 663 3068 0.
682 3016 828 3071 benedicta
847 3016 971 3071 merebat
990 3021 1018 3068 et
1037 3015 1148 3070 dolebat
1167 3021 1256 3070 mater
1280 3016 1425 3085 unigeniti,
1449 3014 1604 3083 perpendat

296 3087 331 3140 A.
352 3115 386 3126 -
408 3089 449 3141 15.
469 3102 530 3157 sup.
550 3087 599 3141 civ.
619 3102 673 3142 soc.
687 3088 763 3156 sclalt
781 3089 814 3143 A.

583 3423 654 3483 226.
705 3415 861 3482 Pleuratus
890 3416 998 3480 bcotoe
1026 3414 1157 3479 dioride
1188 3413 1321 3494 eiryiais

683 3529 710 3581 in
729 3528 861 3596 passione
880 3526 929 3580 filii
949 3528 992 3580 sai
1012 3526 1115 3579 domini
1134 3525 1228 3580 uestri.

296 3657 326 3715 1.
354 3649 506 3714 Planctus
523 3654 598 3714 arrte
615 3651 729 3728 nescia,
974 3654 1003 3711 4.
1031 3647 1104 3711 11οε
1119 3645 1243 3722 dorcam,
1259 3645 1322 3708 dux
1337 3663 1461 3710 morum

354 3734 487 3799 Planctu
504 3733 615 3813 lassor,
633 3735 727 3799 anxia
1029 3732 1150 3795 Venias
1167 3749 1256 3809 vena,

353 3817 485 3884 Crucior
501 3817 627 3883 dolore:
1028 3815 1130 3891 Quaaur
1146 3816 1254 3895 gravis
1268 3813 1300 3876 in
1316 3813 1414 3878 clavis

354 3903 456 3967 Orbat
469 3903 579 3968 orbem
594 3903 685 3967 radio
1030 3900 1089 3964 Est
1105 3899 1162 3963 tibi
1181 3898 1301 3982 poenal

354 3985 407 4050 Mc
422 3986 537 4051 iudaea
552 3986 617 4051 lilio
973 3990 1001 4046 6.
1027 3984 1112 4048 Ρ1·011
1129 3983 1227 4060 dolor¹
1244 3981 1316 4046 hinc
1331 3981 1417 4046 color

354 4067 479 4135 Gaudio
496 4068 635 4136 dulcore.
1029 4068 1152 4149 Ell'ngit
1168 4069 1241 4143 oris,

1029 4153 1112 4216 Hinc
1128 4152 1202 4229 ruit,
1219 4150 1292 4214 hinc
1307 4148 1377 4214 111111

297 4241 327 4301 2.
355 4236 415 4301 Fili
431 4237 542 4303 dulcor
558 4239 658 4316 unice,
1029 4236 1124 4300 Unda
1140 4235 1272 4300 cruoris

355 4321 522 4403 Singularo
538 4323 700 4403 gaudium,
973 4324 1001 4382 6.
1029 4323 1055 4387 O
1073 4338 1167 4401 quum
1183 4335 1256 4384 sero
1273 4317 1401 4381 deditus

355 4404 489 4471 Matrem
505 4406 633 4472 flentem
650 4406 769 4488 respice
1028 4405 1129 4480 Quam
1146 4404 1208 4467 cito
1224 4421 1272 4466 ure
1288 4402 1418 4474 deseris,

282 4533 289 4541 -
356 4488 528 4556 Conlercns
542 4492 700 4557 solatium.
1029 4492 1055 4550 o
1070 4506 1166 4569 quam
1181 4486 1276 4566 digne
1292 4485 1419 4565 genitus

1030 4573 1130 4649 Quam
1146 4572 1269 4637 abiecte
1285 4568 1434 4632 1110101111

301 4661 329 4720 3.
356 4655 469 4723 Pectus
484 4665 621 4724 mentem
637 4659 758 4724 lnnriua
974 4659 1001 4716 7.
1029 4659 1055 4721 0
1071 4657 1142 4737 quis
1158 4674 1247 4720 arnor
1263 4653 1404 4733 corporis

355 4740 423 4805 Tua
436 4748 587 4824 torquent
601 4744 742 4822 uulnera,
1029 4741 1096 4806 Sibi
1111 4739 1187 4805 fecit
1205 4738 1316 4819 spolia,

353 4823 442 4900 Quae
456 4832 568 4906 mater,
583 4845 665 4909 quae
680 4827 798 4893 femina
1029 4828 1055 4889 0
1071 4843 1166 4905 qurum
1182 4823 1284 4888 dulcis
1300 4820 1442 4903 pignoris

354 4908 603 4977 Tamielixtam
618 4912 748 4979 misera!
1029 4911 1131 4986 eraanr
1147 4904 1429 4988 amarapraemial

340 5015 445 5068 liodrada,
459 5014 593 5066 8001088011.
1363 5010 1400 5070 12
