3975 5800
848 574 995 638 -393
1044 609 1082 626 -

325 757 344 818 l.
369 753 458 834 Ergo
471 753 585 821 leudes
600 754 674 820 huic
688 754 858 836 solvamus,
1046 755 1090 821 Ut
1105 754 1195 821 finita
1210 756 1294 821 vitae
1309 760 1381 821 rota

371 839 471 903 Cuius
486 837 602 905 festum
617 839 813 906 celebramus
1046 839 1095 905 Sit
1111 839 1212 920 ipsius
1224 841 1330 920 proles
1346 845 1415 905 tota

370 920 535 1005 Tanquam
550 925 635 1006 petri
651 922 724 988 filii:
1045 923 1132 989 Coeli
1148 942 1279 989 consors
1294 924 1414 1006 gaudii.
1444 927 1555 989 Arnon.

387 1028 482 1085 Text.
519 1030 805 1090 missnensem.
825 1036 903 1089 1520.

559 1267 629 1327 576.
674 1262 727 1328 De
747 1264 924 1329 beatissimo
939 1268 1038 1345 patre
1058 1266 1166 1326 nostro
1187 1259 1372 1327 Froaoiero.

325 1446 341 1461 ..
372 1394 543 1462 Peterave
988 1402 1018 1463 3.
1044 1395 1164 1462 Christi
1178 1397 1274 1463 morti

369 1480 489 1546 Potens
504 1481 668 1565 prodigiis,
1043 1480 1089 1547 Te
1104 1487 1207 1547 totum
1222 1482 1326 1547 vivere

371 1564 433 1644 Qui
444 1583 542 1630 suave
1044 1564 1187 1631 Probent
1203 1566 1265 1631 orti

372 1648 439 1714 Ilus
454 1650 519 1714 tuis
535 1648 663 1715 famulis
1044 1648 1134 1714 Clavi
1150 1668 1220 1715 cum
1237 1649 1337 1714 latere

371 1732 487 1814 Iugum
505 1732 641 1799 Christi:
1043 1732 1210 1799 Saucieto:

371 1815 459 1883 Onus
474 1835 570 1898 grave
1044 1816 1089 1882 Te
1105 1816 1228 1883 cohorti

370 1901 485 1966 Vitans
504 1901 650 1967 convitiis
1042 1901 1126 1967 Suae
1143 1902 1343 1967 conscribere

371 1985 444 2049 Non
459 1985 553 2050 inane
1044 1985 1142 2050 Venit
1155 1983 1279 2068 Sereph

370 2069 416 2134 Te
432 2068 552 2135 Christi
569 2070 700 2151 proeliis
1043 2069 1112 2134 Hoc
1128 2087 1222 2134 carno
1238 2077 1347 2135 tenere

370 2153 522 2218 Intulisti.
1043 2153 1142 2235 Signo
1158 2155 1244 2218 dato.

325 2278 343 2299 ..
371 2235 514 2303 Stratum
530 2236 629 2302 Bebel
987 2239 1016 2298 4.
1044 2237 1071 2302 O
1087 2238 1127 2302 de
1143 2237 1239 2302 coelis

370 2320 438 2386 Das
453 2322 485 2386 iu
500 2321 686 2386 miraculum
1043 2319 1128 2386 Tuos
1144 2321 1321 2398 considero,

370 2403 550 2471 Zorobabel
1044 2404 1181 2486 Coeptos
1202 2406 1298 2470 coelis

369 2488 429 2554 Dei
445 2488 653 2570 signaculum,
1042 2490 1157 2569 Ignitis
1173 2489 1306 2554 vulnero

368 2572 471 2638 Paras
486 2571 639 2654 templum
1044 2573 1141 2638 Prece
1158 2592 1249 2638 cura:

369 2656 465 2721 Vitae
480 2675 589 2737 purae,
1043 2657 1151 2722 Mundi
1168 2657 1288 2738 proelis

368 2739 507 2805 Reducis
523 2740 684 2805 saeculum
1042 2740 1188 2806 calcatos
1202 2740 1313 2820 libera,

368 2822 480 2889 Crucis
499 2825 598 2889 durae
1043 2825 1096 2890 Sie
1111 2845 1168 2910 pro
1184 2824 1277 2890 melis

367 2909 508 2975 Politum
523 2909 685 2991 speculum
1041 2910 1350 2976 Hiscolensuetera

368 2993 412 3058 Et
426 2993 615 3078 exemplum.
1042 2995 1131 3061 Mors
1146 3011 1269 3060 secure.
1303 2996 1413 3059 Amen.

383 3100 482 3157 Text.
519 3103 597 3159 Miss.
617 3101 696 3158 fratr.
715 3101 803 3159 Paris.
825 3104 902 3158 1520.

866 3277 1064 3287 ——.—.--.

557 3394 626 3454 577.
671 3388 723 3454 De
744 3388 922 3456 beatissimo
938 3396 1037 3472 patre
1057 3395 1163 3455 nostro
1188 3386 1369 3455 Froncisco.

335 3532 363 3591 l.
383 3524 479 3590 Salve
493 3522 630 3590 fratrum
646 3522 709 3588 dux
728 3525 896 3605 minorum,
1005 3529 1034 3589 4.
1055 3522 1081 3588 0
1097 3523 1278 3589 mirandum
1292 3522 1502 3603 signaculum,

381 3608 611 3686 Doctorvitae‚
627 3607 826 3688 ritmorum,
1052 3606 1423 3688 Ocrucilixispeoulum

380 3694 447 3758 Vas
462 3693 609 3757 coelestis
624 3692 763 3772 gratiae:
1052 3693 1090 3757 In
1106 3708 1168 3773 quo
1185 3690 1331 3756 Christus
1346 3692 1525 3772 splenduit:

382 3776 432 3841 Tu
447 3776 585 3859 sigillum
601 3776 717 3841 summi
732 3776 830 3855 ducis,
1053 3775 1102 3840 Tu
1116 3794 1236 3857 parvus
1251 3780 1285 3840 et
1299 3774 1437 3848 humilis,

381 3860 473 3936 Quod
488 3860 627 3942 signarit
641 3860 738 3925 claris
753 3862 856 3927 crucis
1052 3858 1276 3941 Ouiuslingua
1294 3856 1410 3925 fertilis

381 3944 496 4010 Munus
511 3963 547 4010 sa
570 3945 697 4010 ientiae.
1052 3942 1236 4025 Tripliciter
1249 3941 1368 4009 floruit.

331 4035 363 4095 2.
383 4027 478 4094 Salvo
492 3964 583 4094 vcrssi
597 4028 685 4111 pucis
700 4028 794 4110 lator,
1004 4033 1032 4092 5.
1052 4026 1143 4102 Quod
1159 4027 1192 4093 in
1206 4045 1299 4093 cruce
1315 4026 1463 4095 Christus
1475 4031 1586 4111 gessit,

380 4112 585 4195 Paupertntis
599 4118 779 4194 renovator,
1052 4110 1090 4177 In
1106 4112 1169 4177 tuis
1185 4112 1336 4177 membris
1349 4112 1511 4194 impressit

379 4195 489 4262 Novae
504 4196 610 4279 gentis
625 4195 743 4277 gloria:
1051 4196 1178 4261 Amoris
1193 4196 1389 4262 incendium:

378 4280 458 4346 Post
470 4287 503 4346 te
518 4280 618 4346 currit
632 4287 688 4345 tna
699 4279 786 4345 scola
1050 4280 1119 4344 lam
1134 4284 1212 4361 quot
1226 4279 1329 4346 morbi
1345 4286 1394 4347 tot
1410 4281 1564 4361 medelae,

357 4444 360 4450 ,
379 4364 465 4430 Pede
481 4364 576 4445 nudo,
593 4364 648 4429 vili
662 4364 754 4443 stole,
1051 4361 1156 4442 Visus,
1171 4382 1299 4445 gressus
1314 4372 1347 4429 et
1361 4363 1505 4446 loquelae

378 4448 757 4525 Zoneabursaenescie.
1050 4447 1173 4512 Ferunt
1187 4450 1416 4514 testimonium.

328 4538 359 4599 3.
378 4532 446 4600 Ves
460 4533 608 4609 electum,
623 4550 680 4597 vas
694 4533 859 4611 virtutum,
1003 4535 1031 4595 6.
1051 4529 1099 4597 Tu
1113 4531 1193 4598 liber
1207 4534 1295 4597 intus
1310 4539 1342 4598 ct
1357 4531 1446 4612 loris,

379 4616 439 4682 Tui
454 4623 609 4701 spernunt
624 4617 707 4681 sicut
721 4617 824 4681 lutum
1050 4615 1196 4699 Scriptus
1212 4621 1303 4698 gesta
1317 4616 1492 4682 Salvatoris

380 4701 503 4767 Cuncta
517 4700 813 4783 mundiprospero:
1050 4698 1131 4765 Sunt
1146 4700 1219 4765 libri
1235 4701 1386 4766 materia:

377 4784 474 4852 Salve
484 4785 581 4850 decus
591 4802 737 4850 verorum
749 4800 935 4867 pauperum,
1049 4783 1164 4866 inquo
1180 4784 1310 4867 sanguis
1328 4784 1403 4865 agui
1419 4784 1527 4865 claret,

377 4869 415 4934 ln
427 4887 491 4952 qno
503 4875 614 4935 noster
625 4867 807 4949 redemptor
818 4869 935 4933 iterum
1050 4867 1145 4933 Orbis
1160 4872 1247 4933 totus
1261 4869 1313 4933 hic
1327 4876 1472 4951 apparot,

376 4953 537 5021 Monstrat
552 4970 612 5020 sue
627 4952 767 5018 vulnera.
1049 4950 1234 5036 Etpatrum
1248 4953 1418 5038 magnalia.
