<?xml version="1.0" encoding="UTF-8"?>
<!DOCTYPE html PUBLIC "-//W3C//DTD XHTML 1.0 Transitional//EN"
    "http://www.w3.org/TR/xhtml1/DTD/xhtml1-transitional.dtd">
<html xmlns="http://www.w3.org/1999/xhtml" xml:lang="en" lang="en">
 <head>
  <title>
</title>
<meta http-equiv="Content-Type" content="text/html;charset=utf-8" />
  <meta name='ocr-system' content='tesseract 3.04.00' />
  <meta name='ocr-capabilities' content='ocr_page ocr_carea ocr_par ocr_line ocrx_word'/>
</head>
<body>
  <div class='ocr_page' id='page_1' title='image "./lateinischesequ00kehrgoog_0384.png"; bbox 0 0 3975 5800; ppageno 0'>
   <div class='ocr_carea' id='block_1_1' title="bbox 800 625 1029 689">
    <p class='ocr_par' dir='ltr' id='par_1_1' title="bbox 800 625 1029 689">
     <span class='ocr_line' id='line_1_1' title="bbox 800 625 1029 689; baseline -0.013 0"><span class='ocrx_word' id='word_1_1' title='bbox 800 625 1029 689; x_wconf 79' lang='lat'><strong>-365-</strong></span> 
     </span>
    </p>
   </div>
   <div class='ocr_carea' id='block_1_2' title="bbox 252 807 1447 1145">
    <p class='ocr_par' dir='ltr' id='par_1_2' title="bbox 252 807 1447 1145">
     <span class='ocr_line' id='line_1_2' title="bbox 252 807 1440 891; baseline -0.002 -18"><span class='ocrx_word' id='word_1_2' title='bbox 252 812 294 873; x_wconf 83' lang='grc'>8.</span> <span class='ocrx_word' id='word_1_3' title='bbox 326 807 442 874; x_wconf 79' lang='lat' dir='ltr'>Pastor</span> <span class='ocrx_word' id='word_1_4' title='bbox 456 808 547 887; x_wconf 85' lang='lat' dir='ltr'>bone,</span> <span class='ocrx_word' id='word_1_5' title='bbox 563 807 621 874; x_wconf 88' lang='lat' dir='ltr'>flos</span> <span class='ocrx_word' id='word_1_6' title='bbox 636 809 802 889; x_wconf 80' lang='lat' dir='ltr'>uiuorum,</span> <span class='ocrx_word' id='word_1_7' title='bbox 998 810 1044 876; x_wconf 90' lang='lat' dir='ltr'>Ut</span> <span class='ocrx_word' id='word_1_8' title='bbox 1057 810 1177 876; x_wconf 89' lang='lat' dir='ltr'>carnali</span> <span class='ocrx_word' id='word_1_9' title='bbox 1193 829 1255 891; x_wconf 88' lang='lat' dir='ltr'>qua</span> <span class='ocrx_word' id='word_1_10' title='bbox 1270 826 1440 889; x_wconf 68' lang='lat' dir='ltr'>gravamur</span> 
     </span>
     <span class='ocr_line' id='line_1_3' title="bbox 325 892 1447 976; baseline 0.002 -21"><span class='ocrx_word' id='word_1_11' title='bbox 325 892 389 957; x_wconf 89' lang='lat' dir='ltr'>Via</span> <span class='ocrx_word' id='word_1_12' title='bbox 404 894 488 958; x_wconf 86' lang='lat' dir='ltr'>ritae</span> <span class='ocrx_word' id='word_1_13' title='bbox 503 912 537 958; x_wconf 89' lang='lat' dir='ltr'>es</span> <span class='ocrx_word' id='word_1_14' title='bbox 553 901 738 959; x_wconf 90' lang='lat' dir='ltr'>cunctorum</span> <span class='ocrx_word' id='word_1_15' title='bbox 1000 895 1157 976; x_wconf 70' lang='lat' dir='ltr'>(lampedo</span> <span class='ocrx_word' id='word_1_16' title='bbox 1173 895 1218 960; x_wconf 85' lang='lat' dir='ltr'>sic</span> <span class='ocrx_word' id='word_1_17' title='bbox 1232 896 1447 970; x_wconf 78' lang='lat' dir='ltr'>absolvamur,</span> 
     </span>
     <span class='ocr_line' id='line_1_4' title="bbox 321 976 1406 1059; baseline -0.001 -18"><span class='ocrx_word' id='word_1_18' title='bbox 321 976 444 1041; x_wconf 89' lang='lat' dir='ltr'>Doctor</span> <span class='ocrx_word' id='word_1_19' title='bbox 459 976 652 1059; x_wconf 79' lang='lat' dir='ltr'>dogmatum.</span> <span class='ocrx_word' id='word_1_20' title='bbox 660 996 807 1043; x_wconf 77' lang='lat' dir='ltr'>verorum</span> <span class='ocrx_word' id='word_1_21' title='bbox 1001 978 1046 1044; x_wconf 93' lang='lat' dir='ltr'>Ut</span> <span class='ocrx_word' id='word_1_22' title='bbox 1061 980 1156 1044; x_wconf 85' lang='lat' dir='ltr'>soluti</span> <span class='ocrx_word' id='word_1_23' title='bbox 1173 977 1406 1043; x_wconf 71' lang='lat' dir='ltr'>transferamur</span> 
     </span>
     <span class='ocr_line' id='line_1_5' title="bbox 323 1059 1426 1145; baseline 0.001 -22"><span class='ocrx_word' id='word_1_24' title='bbox 323 1059 390 1125; x_wconf 88' lang='lat' dir='ltr'>Fac</span> <span class='ocrx_word' id='word_1_25' title='bbox 406 1080 462 1141; x_wconf 89' lang='lat' dir='ltr'>per</span> <span class='ocrx_word' id='word_1_26' title='bbox 477 1067 532 1126; x_wconf 86' lang='lat' dir='ltr'>tua</span> <span class='ocrx_word' id='word_1_27' title='bbox 547 1062 679 1126; x_wconf 89' lang='lat' dir='ltr'>merita:</span> <span class='ocrx_word' id='word_1_28' title='bbox 999 1065 1046 1128; x_wconf 79' lang='lat' dir='ltr'>Ad</span> <span class='ocrx_word' id='word_1_29' title='bbox 1065 1063 1143 1128; x_wconf 88' lang='lat' dir='ltr'>coeli</span> <span class='ocrx_word' id='word_1_30' title='bbox 1160 1064 1286 1145; x_wconf 87' lang='lat' dir='ltr'>palatia.</span> <span class='ocrx_word' id='word_1_31' title='bbox 1318 1063 1426 1126; x_wconf 81' lang='lat' dir='ltr'>limen.</span> 
     </span>
    </p>
   </div>
   <div class='ocr_carea' id='block_1_3' title="bbox 337 1168 1048 1329">
    <p class='ocr_par' dir='ltr' id='par_1_3' title="bbox 337 1168 1048 1329">
     <span class='ocr_line' id='line_1_6' title="bbox 337 1168 892 1227; baseline 0 -4"><span class='ocrx_word' id='word_1_32' title='bbox 337 1185 363 1223; x_wconf 89' lang='lat' dir='ltr'>a.</span> <span class='ocrx_word' id='word_1_33' title='bbox 383 1168 474 1223; x_wconf 71' lang='lat' dir='ltr'>Text.</span> <span class='ocrx_word' id='word_1_34' title='bbox 511 1171 591 1224; x_wconf 87' lang='lat' dir='ltr'>Miss.</span> <span class='ocrx_word' id='word_1_35' title='bbox 609 1170 688 1225; x_wconf 80' lang='lat' dir='ltr'>fratr.</span> <span class='ocrx_word' id='word_1_36' title='bbox 708 1171 794 1227; x_wconf 85' lang='lat' dir='ltr'>Paris.</span> <span class='ocrx_word' id='word_1_37' title='bbox 815 1175 892 1225; x_wconf 74' lang='lat'>1520.</span> 
     </span>
     <span class='ocr_line' id='line_1_7' title="bbox 337 1257 1048 1329; baseline 0.003 -17"><span class='ocrx_word' id='word_1_38' title='bbox 337 1258 365 1312; x_wconf 92' lang='lat' dir='ltr'>b.</span> <span class='ocrx_word' id='word_1_39' title='bbox 383 1257 521 1313; x_wconf 84' lang='lat' dir='ltr'>Lesart.</span> <span class='ocrx_word' id='word_1_40' title='bbox 558 1262 584 1329; x_wconf 78' lang='lat' dir='ltr'>c,</span> <span class='ocrx_word' id='word_1_41' title='bbox 605 1263 627 1313; x_wconf 94' lang='lat' dir='ltr'>l.</span> <span class='ocrx_word' id='word_1_42' title='bbox 647 1259 691 1314; x_wconf 83' lang='lat' dir='ltr'>lst</span> <span class='ocrx_word' id='word_1_43' title='bbox 709 1260 763 1313; x_wconf 81' lang='lat' dir='ltr'>rect</span> <span class='ocrx_word' id='word_1_44' title='bbox 780 1259 894 1314; x_wconf 84' lang='lat' dir='ltr'>reducta</span> <span class='ocrx_word' id='word_1_45' title='bbox 912 1277 949 1314; x_wconf 75' lang='lat' dir='ltr'>aaa</span> <span class='ocrx_word' id='word_1_46' title='bbox 966 1260 1048 1314; x_wconf 82' lang='lat' dir='ltr'>lesen.</span> 
     </span>
    </p>
   </div>
   <div class='ocr_carea' id='block_1_4' title="bbox 647 1504 1191 1587">
    <p class='ocr_par' dir='ltr' id='par_1_4' title="bbox 647 1504 1191 1587">
     <span class='ocr_line' id='line_1_8' title="bbox 647 1504 1191 1587; baseline -0.004 -20"><span class='ocrx_word' id='word_1_47' title='bbox 647 1507 717 1568; x_wconf 80' lang='lat'>527.</span> <span class='ocrx_word' id='word_1_48' title='bbox 760 1504 857 1569; x_wconf 87' lang='lat' dir='ltr'>Des.</span> <span class='ocrx_word' id='word_1_49' title='bbox 880 1505 1022 1571; x_wconf 81' lang='lat' dir='ltr'>Botuido</span> <span class='ocrx_word' id='word_1_50' title='bbox 1044 1510 1191 1587; x_wconf 76' lang='lat' dir='ltr'>rraerrlpre.</span> 
     </span>
    </p>
   </div>
   <div class='ocr_carea' id='block_1_5' title="bbox 264 1616 1569 1757">
    <p class='ocr_par' dir='ltr' id='par_1_5' title="bbox 264 1616 1569 1757">
     <span class='ocr_line' id='line_1_9' title="bbox 264 1616 1569 1689; baseline 0.001 -19"><span class='ocrx_word' id='word_1_51' title='bbox 264 1616 348 1687; x_wconf 76' lang='lat' dir='ltr'>(Get.</span> <span class='ocrx_word' id='word_1_52' title='bbox 369 1634 405 1670; x_wconf 78' lang='lat' dir='ltr'>cu</span> <span class='ocrx_word' id='word_1_53' title='bbox 424 1616 669 1673; x_wconf 75' lang='lat' dir='ltr'>Sciderrncmnlond</span> <span class='ocrx_word' id='word_1_54' title='bbox 687 1621 715 1672; x_wconf 80' lang='lat' dir='ltr'>in</span> <span class='ocrx_word' id='word_1_55' title='bbox 735 1620 892 1689; x_wconf 84' lang='lat' dir='ltr'>Selnueden‚</span> <span class='ocrx_word' id='word_1_56' title='bbox 912 1622 980 1675; x_wconf 86' lang='lat' dir='ltr'>lebtc</span> <span class='ocrx_word' id='word_1_57' title='bbox 1000 1622 1041 1674; x_wconf 81' lang='lat' dir='ltr'>im</span> <span class='ocrx_word' id='word_1_58' title='bbox 1060 1621 1190 1689; x_wconf 78' lang='lat' dir='ltr'>Arasanpc</span> <span class='ocrx_word' id='word_1_59' title='bbox 1209 1619 1255 1673; x_wconf 83' lang='lat' dir='ltr'>des</span> <span class='ocrx_word' id='word_1_60' title='bbox 1276 1624 1317 1673; x_wconf 73' lang='grc'>19.</span> <span class='ocrx_word' id='word_1_61' title='bbox 1332 1617 1442 1683; x_wconf 71' lang='lat' dir='ltr'>deliria..</span> <span class='ocrx_word' id='word_1_62' title='bbox 1463 1619 1569 1672; x_wconf 67' lang='lat' dir='ltr'>terebri</span> 
     </span>
     <span class='ocr_line' id='line_1_10' title="bbox 644 1690 1191 1757; baseline 0.004 -15"><span class='ocrx_word' id='word_1_63' title='bbox 644 1707 687 1743; x_wconf 74' lang='lat' dir='ltr'>aare</span> <span class='ocrx_word' id='word_1_64' title='bbox 706 1697 749 1745; x_wconf 71' lang='grc'>28.</span> <span class='ocrx_word' id='word_1_65' title='bbox 768 1691 890 1747; x_wconf 75' lang='lat' dir='ltr'>Jo12·.—</span> <span class='ocrx_word' id='word_1_66' title='bbox 910 1693 937 1747; x_wconf 84' lang='lat' dir='ltr'>S.</span> <span class='ocrx_word' id='word_1_67' title='bbox 958 1694 1026 1747; x_wconf 69' lang='lat' dir='ltr'>crocle</span> <span class='ocrx_word' id='word_1_68' title='bbox 1045 1690 1101 1745; x_wconf 87' lang='lat' dir='ltr'>No.</span> <span class='ocrx_word' id='word_1_69' title='bbox 1118 1694 1191 1757; x_wconf 72' lang='lat'><em>7⁸9.)</em></span> 
     </span>
    </p>
   </div>
   <div class='ocr_carea' id='block_1_6' title="bbox 254 1808 1491 3072">
    <p class='ocr_par' dir='ltr' id='par_1_6' title="bbox 269 1808 1491 2313">
     <span class='ocr_line' id='line_1_11' title="bbox 269 1808 1320 1893; baseline 0 -18"><span class='ocrx_word' id='word_1_70' title='bbox 269 1816 298 1875; x_wconf 91' lang='lat'>1.</span> <span class='ocrx_word' id='word_1_71' title='bbox 327 1808 414 1874; x_wconf 83' lang='lat' dir='ltr'>Coeli</span> <span class='ocrx_word' id='word_1_72' title='bbox 431 1809 546 1875; x_wconf 91' lang='lat' dir='ltr'>chorus</span> <span class='ocrx_word' id='word_1_73' title='bbox 561 1817 631 1876; x_wconf 89' lang='lat' dir='ltr'>esto</span> <span class='ocrx_word' id='word_1_74' title='bbox 647 1814 798 1893; x_wconf 80' lang='lat' dir='ltr'>gaudens,</span> <span class='ocrx_word' id='word_1_75' title='bbox 1000 1816 1036 1879; x_wconf 92' lang='lat' dir='ltr'>ln</span> <span class='ocrx_word' id='word_1_76' title='bbox 1052 1813 1159 1877; x_wconf 88' lang='lat' dir='ltr'>radice</span> <span class='ocrx_word' id='word_1_77' title='bbox 1177 1813 1320 1877; x_wconf 88' lang='lat' dir='ltr'>caritatis</span> 
     </span>
     <span class='ocr_line' id='line_1_12' title="bbox 325 1894 1407 1978; baseline 0 -19"><span class='ocrx_word' id='word_1_78' title='bbox 325 1894 508 1959; x_wconf 85' lang='lat' dir='ltr'>Collaetare</span> <span class='ocrx_word' id='word_1_79' title='bbox 524 1896 616 1960; x_wconf 89' lang='lat' dir='ltr'>simul</span> <span class='ocrx_word' id='word_1_80' title='bbox 633 1897 787 1978; x_wconf 83' lang='lat' dir='ltr'>plaudens</span> <span class='ocrx_word' id='word_1_81' title='bbox 1001 1900 1089 1964; x_wconf 91' lang='lat' dir='ltr'>Onus</span> <span class='ocrx_word' id='word_1_82' title='bbox 1105 1899 1193 1961; x_wconf 82' lang='lat' dir='ltr'>laxat</span> <span class='ocrx_word' id='word_1_83' title='bbox 1208 1897 1407 1977; x_wconf 78' lang='lat' dir='ltr'>paupertatis</span> 
     </span>
     <span class='ocr_line' id='line_1_13' title="bbox 325 1978 1401 2064; baseline 0.003 -22"><span class='ocrx_word' id='word_1_84' title='bbox 325 1978 444 2043; x_wconf 85' lang='lat' dir='ltr'>Conciu</span> <span class='ocrx_word' id='word_1_85' title='bbox 459 1978 615 2043; x_wconf 88' lang='lat' dir='ltr'>fidelium:</span> <span class='ocrx_word' id='word_1_86' title='bbox 1002 1982 1162 2064; x_wconf 80' lang='lat' dir='ltr'>Spargcus</span> <span class='ocrx_word' id='word_1_87' title='bbox 1178 1980 1401 2062; x_wconf 76' lang='lat' dir='ltr'>eleemosynas.</span> 
     </span>
     <span class='ocr_line' id='line_1_14' title="bbox 326 2062 1491 2145; baseline 0.002 -18"><span class='ocrx_word' id='word_1_88' title='bbox 326 2062 396 2127; x_wconf 88' lang='lat' dir='ltr'>Noc</span> <span class='ocrx_word' id='word_1_89' title='bbox 411 2063 522 2142; x_wconf 86' lang='lat' dir='ltr'>iustus,</span> <span class='ocrx_word' id='word_1_90' title='bbox 539 2065 587 2128; x_wconf 90' lang='lat' dir='ltr'>vir</span> <span class='ocrx_word' id='word_1_91' title='bbox 601 2064 772 2145; x_wconf 85' lang='lat' dir='ltr'>perlectus,</span> <span class='ocrx_word' id='word_1_92' title='bbox 944 2073 973 2132; x_wconf 79' lang='lat'>4.</span> <span class='ocrx_word' id='word_1_93' title='bbox 1001 2068 1071 2131; x_wconf 92' lang='lat' dir='ltr'>Non</span> <span class='ocrx_word' id='word_1_94' title='bbox 1088 2073 1137 2131; x_wconf 89' lang='lat' dir='ltr'>est</span> <span class='ocrx_word' id='word_1_95' title='bbox 1152 2065 1242 2129; x_wconf 92' lang='lat' dir='ltr'>dolor</span> <span class='ocrx_word' id='word_1_96' title='bbox 1258 2083 1359 2145; x_wconf 89' lang='lat' dir='ltr'>neque</span> <span class='ocrx_word' id='word_1_97' title='bbox 1376 2065 1491 2142; x_wconf 87' lang='lat' dir='ltr'>luctus,</span> 
     </span>
     <span class='ocr_line' id='line_1_15' title="bbox 327 2146 1434 2228; baseline 0.003 -18"><span class='ocrx_word' id='word_1_98' title='bbox 327 2146 398 2211; x_wconf 89' lang='lat' dir='ltr'>Deo</span> <span class='ocrx_word' id='word_1_99' title='bbox 413 2147 542 2228; x_wconf 89' lang='lat' dir='ltr'>placens</span> <span class='ocrx_word' id='word_1_100' title='bbox 558 2155 591 2212; x_wconf 87' lang='lat' dir='ltr'>et</span> <span class='ocrx_word' id='word_1_101' title='bbox 605 2149 741 2214; x_wconf 91' lang='lat' dir='ltr'>dilectus</span> <span class='ocrx_word' id='word_1_102' title='bbox 1003 2150 1065 2216; x_wconf 80' lang='lat' dir='ltr'>Ubi</span> <span class='ocrx_word' id='word_1_103' title='bbox 1081 2149 1187 2214; x_wconf 82' lang='lat' dir='ltr'>dulces</span> <span class='ocrx_word' id='word_1_104' title='bbox 1203 2150 1296 2213; x_wconf 89' lang='lat' dir='ltr'>metis</span> <span class='ocrx_word' id='word_1_105' title='bbox 1312 2148 1434 2213; x_wconf 85' lang='lat' dir='ltr'>tructus</span> 
     </span>
     <span class='ocr_line' id='line_1_16' title="bbox 326 2231 1336 2313; baseline 0.001 -18"><span class='ocrx_word' id='word_1_106' title='bbox 326 2231 536 2310; x_wconf 89' lang='lat' dir='ltr'>Pausatpost</span> <span class='ocrx_word' id='word_1_107' title='bbox 551 2232 714 2297; x_wconf 88' lang='lat' dir='ltr'>diluvium.</span> <span class='ocrx_word' id='word_1_108' title='bbox 1000 2237 1165 2300; x_wconf 88' lang='lat' dir='ltr'>Laborans</span> <span class='ocrx_word' id='word_1_109' title='bbox 1179 2233 1336 2313; x_wconf 82' lang='lat' dir='ltr'>agricola:</span> 
     </span>
    </p>

    <p class='ocr_par' dir='ltr' id='par_1_7' title="bbox 269 2315 1467 2820">
     <span class='ocr_line' id='line_1_17' title="bbox 269 2315 1467 2410; baseline -0.001 -31"><span class='ocrx_word' id='word_1_110' title='bbox 269 2318 301 2379; x_wconf 82' lang='lat'>2.</span> <span class='ocrx_word' id='word_1_111' title='bbox 330 2315 433 2410; x_wconf 88' lang='lat' dir='ltr'>Super</span> <span class='ocrx_word' id='word_1_112' title='bbox 448 2315 533 2396; x_wconf 82' lang='lat' dir='ltr'>Syou</span> <span class='ocrx_word' id='word_1_113' title='bbox 549 2323 691 2382; x_wconf 89' lang='lat' dir='ltr'>sanctum</span> <span class='ocrx_word' id='word_1_114' title='bbox 706 2325 846 2383; x_wconf 88' lang='lat' dir='ltr'>montem</span> <span class='ocrx_word' id='word_1_115' title='bbox 1000 2318 1143 2394; x_wconf 83' lang='lat' dir='ltr'>Quicum</span> <span class='ocrx_word' id='word_1_116' title='bbox 1160 2316 1287 2382; x_wconf 87' lang='lat' dir='ltr'>Christo</span> <span class='ocrx_word' id='word_1_117' title='bbox 1302 2317 1467 2398; x_wconf 79' lang='lat' dir='ltr'>gloriator,</span> 
     </span>
     <span class='ocr_line' id='line_1_18' title="bbox 326 2399 1330 2482; baseline 0.001 -19"><span class='ocrx_word' id='word_1_118' title='bbox 326 2399 465 2463; x_wconf 78' lang='lat' dir='ltr'>Dentatis</span> <span class='ocrx_word' id='word_1_119' title='bbox 480 2406 613 2477; x_wconf 76' lang='lat' dir='ltr'>gristans</span> <span class='ocrx_word' id='word_1_120' title='bbox 628 2401 747 2466; x_wconf 86' lang='lat' dir='ltr'>iontem</span> <span class='ocrx_word' id='word_1_121' title='bbox 1001 2403 1133 2482; x_wconf 80' lang='lat' dir='ltr'>Angelis</span> <span class='ocrx_word' id='word_1_122' title='bbox 1152 2401 1330 2467; x_wconf 81' lang='lat' dir='ltr'>associatur</span> 
     </span>
     <span class='ocr_line' id='line_1_19' title="bbox 324 2481 1295 2564; baseline 0 -17"><span class='ocrx_word' id='word_1_123' title='bbox 324 2481 443 2564; x_wconf 88' lang='lat' dir='ltr'>Implet</span> <span class='ocrx_word' id='word_1_124' title='bbox 458 2482 666 2548; x_wconf 88' lang='lat' dir='ltr'>desiderium:</span> <span class='ocrx_word' id='word_1_125' title='bbox 1001 2486 1168 2553; x_wconf 85' lang='lat' dir='ltr'>Gloriosus</span> <span class='ocrx_word' id='word_1_126' title='bbox 1183 2485 1295 2550; x_wconf 90' lang='lat' dir='ltr'>incola.</span> 
     </span>
     <span class='ocr_line' id='line_1_20' title="bbox 326 2565 1423 2650; baseline -0.001 -19"><span class='ocrx_word' id='word_1_127' title='bbox 326 2565 377 2631; x_wconf 81' lang='lat' dir='ltr'>nd</span> <span class='ocrx_word' id='word_1_128' title='bbox 392 2570 524 2630; x_wconf 86' lang='lat' dir='ltr'>aeterna</span> <span class='ocrx_word' id='word_1_129' title='bbox 539 2569 601 2632; x_wconf 89' lang='lat' dir='ltr'>ium</span> <span class='ocrx_word' id='word_1_130' title='bbox 617 2568 762 2634; x_wconf 90' lang='lat' dir='ltr'>aseendit</span> <span class='ocrx_word' id='word_1_131' title='bbox 945 2572 973 2630; x_wconf 89' lang='lat'>5.</span> <span class='ocrx_word' id='word_1_132' title='bbox 1003 2572 1068 2634; x_wconf 86' lang='lat' dir='ltr'>Rex</span> <span class='ocrx_word' id='word_1_133' title='bbox 1084 2571 1226 2650; x_wconf 78' lang='lat' dir='ltr'>benigne,</span> <span class='ocrx_word' id='word_1_134' title='bbox 1244 2568 1317 2633; x_wconf 91' lang='lat' dir='ltr'>lesu</span> <span class='ocrx_word' id='word_1_135' title='bbox 1332 2567 1423 2645; x_wconf 76' lang='lat' dir='ltr'>boue,</span> 
     </span>
     <span class='ocr_line' id='line_1_21' title="bbox 325 2650 1430 2735; baseline 0.001 -22"><span class='ocrx_word' id='word_1_136' title='bbox 325 2650 446 2727; x_wconf 77' lang='lat' dir='ltr'>Enoch,</span> <span class='ocrx_word' id='word_1_137' title='bbox 462 2650 566 2716; x_wconf 84' lang='lat' dir='ltr'>David</span> <span class='ocrx_word' id='word_1_138' title='bbox 580 2652 793 2735; x_wconf 87' lang='lat' dir='ltr'>apprehendit</span> <span class='ocrx_word' id='word_1_139' title='bbox 1002 2655 1028 2719; x_wconf 86' lang='lat' dir='ltr'>N</span> <span class='ocrx_word' id='word_1_140' title='bbox 1032 2672 1067 2719; x_wconf 91' lang='lat' dir='ltr'>os</span> <span class='ocrx_word' id='word_1_141' title='bbox 1082 2653 1213 2719; x_wconf 92' lang='lat' dir='ltr'>Botuidi</span> <span class='ocrx_word' id='word_1_142' title='bbox 1227 2650 1278 2717; x_wconf 85' lang='lat' dir='ltr'>fac</span> <span class='ocrx_word' id='word_1_143' title='bbox 1295 2669 1430 2716; x_wconf 89' lang='lat' dir='ltr'>coronae</span> 
     </span>
     <span class='ocr_line' id='line_1_22' title="bbox 325 2734 1293 2820; baseline 0.001 -21"><span class='ocrx_word' id='word_1_144' title='bbox 325 2734 465 2799; x_wconf 83' lang='lat' dir='ltr'>lionoris</span> <span class='ocrx_word' id='word_1_145' title='bbox 480 2734 655 2816; x_wconf 78' lang='lat' dir='ltr'>fastigium.</span> <span class='ocrx_word' id='word_1_146' title='bbox 1000 2739 1084 2803; x_wconf 86' lang='lat' dir='ltr'>Fieri</span> <span class='ocrx_word' id='word_1_147' title='bbox 1103 2737 1293 2820; x_wconf 81' lang='lat' dir='ltr'>participes:</span> 
     </span>
    </p>

    <p class='ocr_par' dir='ltr' id='par_1_8' title="bbox 254 2818 1394 3072">
     <span class='ocr_line' id='line_1_23' title="bbox 254 2818 1373 2903; baseline 0 -21"><span class='ocrx_word' id='word_1_148' title='bbox 254 2820 298 2882; x_wconf 87' lang='lat'>.3.</span> <span class='ocrx_word' id='word_1_149' title='bbox 325 2818 387 2884; x_wconf 82' lang='lat' dir='ltr'>llic</span> <span class='ocrx_word' id='word_1_150' title='bbox 402 2821 559 2885; x_wconf 88' lang='lat' dir='ltr'>convertit</span> <span class='ocrx_word' id='word_1_151' title='bbox 574 2826 755 2903; x_wconf 88' lang='lat' dir='ltr'>peccatores</span> <span class='ocrx_word' id='word_1_152' title='bbox 1000 2821 1046 2886; x_wconf 90' lang='lat' dir='ltr'>Ut</span> <span class='ocrx_word' id='word_1_153' title='bbox 1062 2839 1218 2903; x_wconf 87' lang='lat' dir='ltr'>supernae</span> <span class='ocrx_word' id='word_1_154' title='bbox 1234 2819 1373 2885; x_wconf 84' lang='lat' dir='ltr'>ciuitatis</span> 
     </span>
     <span class='ocr_line' id='line_1_24' title="bbox 325 2901 1394 2982; baseline -0.001 -14"><span class='ocrx_word' id='word_1_155' title='bbox 325 2901 374 2968; x_wconf 86' lang='lat' dir='ltr'>Ab</span> <span class='ocrx_word' id='word_1_156' title='bbox 390 2920 508 2982; x_wconf 75' lang='lat' dir='ltr'>errore,</span> <span class='ocrx_word' id='word_1_157' title='bbox 525 2913 653 2971; x_wconf 86' lang='lat' dir='ltr'>sanctos</span> <span class='ocrx_word' id='word_1_158' title='bbox 668 2924 773 2970; x_wconf 89' lang='lat' dir='ltr'>mores</span> <span class='ocrx_word' id='word_1_159' title='bbox 1000 2907 1187 2972; x_wconf 81' lang='lat' dir='ltr'>Eraltemus</span> <span class='ocrx_word' id='word_1_160' title='bbox 1204 2924 1273 2971; x_wconf 88' lang='lat' dir='ltr'>cum</span> <span class='ocrx_word' id='word_1_161' title='bbox 1288 2904 1394 2970; x_wconf 89' lang='lat' dir='ltr'>beatis</span> 
     </span>
     <span class='ocr_line' id='line_1_25' title="bbox 325 2985 1359 3072; baseline 0.004 -22"><span class='ocrx_word' id='word_1_162' title='bbox 325 2985 438 3069; x_wconf 87' lang='lat' dir='ltr'>Docet,</span> <span class='ocrx_word' id='word_1_163' title='bbox 453 2987 581 3054; x_wconf 90' lang='lat' dir='ltr'>salvans</span> <span class='ocrx_word' id='word_1_164' title='bbox 596 2990 735 3056; x_wconf 90' lang='lat' dir='ltr'>animas:</span> <span class='ocrx_word' id='word_1_165' title='bbox 1000 2991 1159 3056; x_wconf 88' lang='lat' dir='ltr'>Perennes</span> <span class='ocrx_word' id='word_1_166' title='bbox 1175 2991 1359 3072; x_wconf 84' lang='lat' dir='ltr'>participes.</span> 
     </span>
    </p>
   </div>
   <div class='ocr_carea' id='block_1_7' title="bbox 268 3093 1572 3239">
    <p class='ocr_par' dir='ltr' id='par_1_9' title="bbox 268 3093 1572 3239">
     <span class='ocr_line' id='line_1_26' title="bbox 337 3093 1572 3167; baseline -0.002 -18"><span class='ocrx_word' id='word_1_167' title='bbox 337 3113 362 3150; x_wconf 87' lang='lat' dir='ltr'>n.</span> <span class='ocrx_word' id='word_1_168' title='bbox 383 3097 477 3151; x_wconf 76' lang='lat' dir='ltr'>Text.</span> <span class='ocrx_word' id='word_1_169' title='bbox 514 3098 614 3153; x_wconf 88' lang='lat' dir='ltr'>Daniel</span> <span class='ocrx_word' id='word_1_170' title='bbox 632 3097 665 3164; x_wconf 81' lang='lat' dir='ltr'>V,</span> <span class='ocrx_word' id='word_1_171' title='bbox 685 3101 739 3153; x_wconf 87' lang='grc'>280</span> <span class='ocrx_word' id='word_1_172' title='bbox 757 3115 791 3152; x_wconf 82' lang='lat' dir='ltr'>en</span> <span class='ocrx_word' id='word_1_173' title='bbox 809 3097 886 3153; x_wconf 83' lang='lat' dir='ltr'>Miss.</span> <span class='ocrx_word' id='word_1_174' title='bbox 905 3098 1067 3167; x_wconf 83' lang='lat' dir='ltr'>Strengeusi</span> <span class='ocrx_word' id='word_1_175' title='bbox 1086 3099 1225 3166; x_wconf 72' lang='lat' dir='ltr'>(Lubecae</span> <span class='ocrx_word' id='word_1_176' title='bbox 1244 3101 1332 3166; x_wconf 71' lang='lat'>1487),</span> <span class='ocrx_word' id='word_1_177' title='bbox 1361 3093 1572 3161; x_wconf 79' lang='lat' dir='ltr'>Ecclesiologist</span> 
     </span>
     <span class='ocr_line' id='line_1_27' title="bbox 268 3165 694 3239; baseline 0.002 -17"><span class='ocrx_word' id='word_1_178' title='bbox 268 3165 391 3222; x_wconf 77' lang='lat' dir='ltr'>xcvul.</span> <span class='ocrx_word' id='word_1_179' title='bbox 411 3169 470 3223; x_wconf 87' lang='lat' dir='ltr'>Oct.</span> <span class='ocrx_word' id='word_1_180' title='bbox 492 3173 568 3224; x_wconf 82' lang='lat'>1853.</span> <span class='ocrx_word' id='word_1_181' title='bbox 587 3188 614 3239; x_wconf 93' lang='lat' dir='ltr'>p.</span> <span class='ocrx_word' id='word_1_182' title='bbox 633 3173 694 3225; x_wconf 76' lang='lat'>354.</span> 
     </span>
    </p>
   </div>
   <div class='ocr_carea' id='block_1_8' title="bbox 269 3252 1572 3399">
    <p class='ocr_par' dir='ltr' id='par_1_10' title="bbox 269 3252 1572 3399">
     <span class='ocr_line' id='line_1_28' title="bbox 338 3252 1572 3327; baseline -0.005 -16"><span class='ocrx_word' id='word_1_183' title='bbox 338 3256 365 3311; x_wconf 88' lang='lat' dir='ltr'>b.</span> <span class='ocrx_word' id='word_1_184' title='bbox 384 3253 571 3313; x_wconf 80' lang='lat' dir='ltr'>Leaarten.</span> <span class='ocrx_word' id='word_1_185' title='bbox 608 3261 633 3327; x_wconf 83' lang='lat'>2,</span> <span class='ocrx_word' id='word_1_186' title='bbox 652 3261 677 3312; x_wconf 86' lang='lat' dir='ltr'>b.</span> <span class='ocrx_word' id='word_1_187' title='bbox 696 3257 727 3312; x_wconf 91' lang='lat' dir='ltr'>ln</span> <span class='ocrx_word' id='word_1_188' title='bbox 746 3257 857 3312; x_wconf 86' lang='lat' dir='ltr'>Missali</span> <span class='ocrx_word' id='word_1_189' title='bbox 876 3256 1034 3324; x_wconf 86' lang='lat' dir='ltr'>Upsaliensi</span> <span class='ocrx_word' id='word_1_190' title='bbox 1053 3258 1158 3325; x_wconf 77' lang='lat' dir='ltr'>(lblttlz</span> <span class='ocrx_word' id='word_1_191' title='bbox 1177 3256 1221 3312; x_wconf 78' lang='lat' dir='ltr'>nd</span> <span class='ocrx_word' id='word_1_192' title='bbox 1240 3262 1355 3310; x_wconf 88' lang='lat' dir='ltr'>aeterna</span> <span class='ocrx_word' id='word_1_193' title='bbox 1374 3255 1427 3308; x_wconf 89' lang='lat' dir='ltr'>iam</span> <span class='ocrx_word' id='word_1_194' title='bbox 1446 3252 1572 3307; x_wconf 84' lang='lat' dir='ltr'>ascendit</span> 
     </span>
     <span class='ocr_line' id='line_1_29' title="bbox 269 3325 697 3399; baseline 0.002 -17"><span class='ocrx_word' id='word_1_195' title='bbox 269 3325 378 3398; x_wconf 78' lang='lat' dir='ltr'>llmyr</span> <span class='ocrx_word' id='word_1_196' title='bbox 396 3328 487 3384; x_wconf 89' lang='lat' dir='ltr'>laetus</span> <span class='ocrx_word' id='word_1_197' title='bbox 505 3328 697 3399; x_wconf 80' lang='lat' dir='ltr'>apprehendit.</span> 
     </span>
    </p>
   </div>
   <div class='ocr_carea' id='block_1_9' title="bbox 621 3606 1220 3688">
    <p class='ocr_par' dir='ltr' id='par_1_11' title="bbox 621 3606 1220 3688">
     <span class='ocr_line' id='line_1_30' title="bbox 621 3606 1220 3688; baseline -0.003 -16"><span class='ocrx_word' id='word_1_198' title='bbox 621 3612 691 3673; x_wconf 81' lang='lat'>528.</span> <span class='ocrx_word' id='word_1_199' title='bbox 734 3607 787 3672; x_wconf 90' lang='lat' dir='ltr'>Dc</span> <span class='ocrx_word' id='word_1_200' title='bbox 808 3626 833 3672; x_wconf 87' lang='lat' dir='ltr'>s.</span> <span class='ocrx_word' id='word_1_201' title='bbox 852 3606 1045 3673; x_wconf 79' lang='lat' dir='ltr'>Burchardo</span> <span class='ocrx_word' id='word_1_202' title='bbox 1067 3607 1220 3688; x_wconf 76' lang='lat' dir='ltr'>episcopo.</span> 
     </span>
    </p>
   </div>
   <div class='ocr_carea' id='block_1_10' title="bbox 266 3721 1571 3864">
    <p class='ocr_par' dir='ltr' id='par_1_12' title="bbox 266 3721 1571 3864">
     <span class='ocr_line' id='line_1_31' title="bbox 266 3721 1571 3794; baseline -0.006 -13"><span class='ocrx_word' id='word_1_203' title='bbox 266 3725 348 3793; x_wconf 83' lang='lat' dir='ltr'>(Geb.</span> <span class='ocrx_word' id='word_1_204' title='bbox 367 3725 399 3777; x_wconf 81' lang='lat' dir='ltr'>in</span> <span class='ocrx_word' id='word_1_205' title='bbox 417 3721 559 3794; x_wconf 62' lang='grc' dir='ltr'>Εηρὶαηά,</span> <span class='ocrx_word' id='word_1_206' title='bbox 579 3738 640 3779; x_wconf 84' lang='lat' dir='ltr'>vom</span> <span class='ocrx_word' id='word_1_207' title='bbox 657 3724 695 3777; x_wconf 83' lang='lat' dir='ltr'>bl.</span> <span class='ocrx_word' id='word_1_208' title='bbox 713 3721 886 3792; x_wconf 78' lang='lat' dir='ltr'>Bom‘fuciue</span> <span class='ocrx_word' id='word_1_209' title='bbox 905 3727 956 3777; x_wconf 73' lang='lat'>741</span> <span class='ocrx_word' id='word_1_210' title='bbox 975 3740 1040 3779; x_wconf 72' lang='lat' dir='ltr'>aava</span> <span class='ocrx_word' id='word_1_211' title='bbox 1059 3725 1182 3791; x_wconf 81' lang='lat' dir='ltr'>Biscbof</span> <span class='ocrx_word' id='word_1_212' title='bbox 1197 3740 1250 3778; x_wconf 87' lang='lat' dir='ltr'>con</span> <span class='ocrx_word' id='word_1_213' title='bbox 1272 3721 1428 3791; x_wconf 73' lang='lat' dir='ltr'>Wiircburp</span> <span class='ocrx_word' id='word_1_214' title='bbox 1445 3721 1571 3789; x_wconf 70' lang='lat' dir='ltr'>percellat,</span> 
     </span>
     <span class='ocr_line' id='line_1_32' title="bbox 627 3792 1209 3864; baseline 0.002 -16"><span class='ocrx_word' id='word_1_215' title='bbox 627 3800 696 3864; x_wconf 79' lang='lat' dir='ltr'>pest.</span> <span class='ocrx_word' id='word_1_216' title='bbox 715 3799 740 3851; x_wconf 90' lang='lat'>9.</span> <span class='ocrx_word' id='word_1_217' title='bbox 759 3792 843 3849; x_wconf 83' lang='lat' dir='ltr'>Febr.</span> <span class='ocrx_word' id='word_1_218' title='bbox 864 3798 923 3862; x_wconf 77' lang='lat'><strong><em>752,</em></strong></span> <span class='ocrx_word' id='word_1_219' title='bbox 942 3797 1052 3850; x_wconf 78' lang='lat' dir='ltr'>cerebri</span> <span class='ocrx_word' id='word_1_220' title='bbox 1071 3799 1113 3849; x_wconf 67' lang='lat'>14.</span> <span class='ocrx_word' id='word_1_221' title='bbox 1134 3793 1209 3863; x_wconf 78' lang='lat' dir='ltr'>Otr.)</span> 
     </span>
    </p>
   </div>
   <div class='ocr_carea' id='block_1_11' title="bbox 289 3907 1571 5068">
    <p class='ocr_par' dir='ltr' id='par_1_13' title="bbox 289 3907 1571 5068">
     <span class='ocr_line' id='line_1_33' title="bbox 292 3907 1189 3990; baseline -0.003 -13"><span class='ocrx_word' id='word_1_222' title='bbox 292 3918 320 3977; x_wconf 95' lang='lat'>1.</span> <span class='ocrx_word' id='word_1_223' title='bbox 354 3907 477 3974; x_wconf 82' lang='lat' dir='ltr'>Psallat</span> <span class='ocrx_word' id='word_1_224' title='bbox 491 3907 574 3973; x_wconf 88' lang='lat' dir='ltr'>laete</span> <span class='ocrx_word' id='word_1_225' title='bbox 589 3909 676 3974; x_wconf 92' lang='lat' dir='ltr'>orbis</span> <span class='ocrx_word' id='word_1_226' title='bbox 691 3913 802 3973; x_wconf 88' lang='lat' dir='ltr'>coetus</span> <span class='ocrx_word' id='word_1_227' title='bbox 817 3914 944 3975; x_wconf 87' lang='lat' dir='ltr'>sacrata</span> <span class='ocrx_word' id='word_1_228' title='bbox 957 3908 1020 3973; x_wconf 86' lang='lat' dir='ltr'>lide</span> <span class='ocrx_word' id='word_1_229' title='bbox 1035 3909 1189 3990; x_wconf 85' lang='lat' dir='ltr'>repletus,</span> 
     </span>
     <span class='ocr_line' id='line_1_34' title="bbox 353 3991 1261 4074; baseline -0.006 -17"><span class='ocrx_word' id='word_1_230' title='bbox 353 3993 458 4058; x_wconf 87' lang='lat' dir='ltr'>Fulsit</span> <span class='ocrx_word' id='word_1_231' title='bbox 472 4010 510 4057; x_wconf 83' lang='lat' dir='ltr'>ex</span> <span class='ocrx_word' id='word_1_232' title='bbox 525 4008 586 4073; x_wconf 89' lang='lat' dir='ltr'>quo</span> <span class='ocrx_word' id='word_1_233' title='bbox 602 3993 730 4074; x_wconf 88' lang='lat' dir='ltr'>praesul</span> <span class='ocrx_word' id='word_1_234' title='bbox 745 3992 805 4058; x_wconf 90' lang='lat' dir='ltr'>iste</span> <span class='ocrx_word' id='word_1_235' title='bbox 821 3991 889 4072; x_wconf 81' lang='lat' dir='ltr'>tibi,</span> <span class='ocrx_word' id='word_1_236' title='bbox 906 3991 1041 4071; x_wconf 79' lang='lat' dir='ltr'>Christe,</span> <span class='ocrx_word' id='word_1_237' title='bbox 1057 4000 1132 4058; x_wconf 89' lang='lat' dir='ltr'>voto</span> <span class='ocrx_word' id='word_1_238' title='bbox 1148 3993 1261 4059; x_wconf 91' lang='lat' dir='ltr'>laetus.</span> 
     </span>
     <span class='ocr_line' id='line_1_35' title="bbox 289 4074 1422 4160; baseline -0.004 -16"><span class='ocrx_word' id='word_1_239' title='bbox 289 4083 320 4144; x_wconf 77' lang='lat'>2.</span> <span class='ocrx_word' id='word_1_240' title='bbox 354 4076 418 4160; x_wconf 88' lang='lat' dir='ltr'>Spe</span> <span class='ocrx_word' id='word_1_241' title='bbox 434 4075 587 4141; x_wconf 85' lang='lat' dir='ltr'>mercedis</span> <span class='ocrx_word' id='word_1_242' title='bbox 602 4081 711 4141; x_wconf 86' lang='lat' dir='ltr'>tantae</span> <span class='ocrx_word' id='word_1_243' title='bbox 726 4075 812 4142; x_wconf 88' lang='lat' dir='ltr'>sedis</span> <span class='ocrx_word' id='word_1_244' title='bbox 828 4076 951 4141; x_wconf 84' lang='lat' dir='ltr'>culmen</span> <span class='ocrx_word' id='word_1_245' title='bbox 967 4077 1106 4157; x_wconf 85' lang='lat' dir='ltr'>sumpsit</span> <span class='ocrx_word' id='word_1_246' title='bbox 1119 4077 1292 4158; x_wconf 87' lang='lat' dir='ltr'>pastoralis</span> <span class='ocrx_word' id='word_1_247' title='bbox 1307 4074 1422 4152; x_wconf 84' lang='lat' dir='ltr'>oneris,</span> 
     </span>
     <span class='ocr_line' id='line_1_36' title="bbox 352 4160 1370 4242; baseline -0.003 -16"><span class='ocrx_word' id='word_1_248' title='bbox 352 4161 390 4226; x_wconf 91' lang='lat' dir='ltr'>In</span> <span class='ocrx_word' id='word_1_249' title='bbox 406 4161 546 4242; x_wconf 87' lang='lat' dir='ltr'>quarite</span> <span class='ocrx_word' id='word_1_250' title='bbox 561 4167 692 4226; x_wconf 86' lang='lat' dir='ltr'>sanctae</span> <span class='ocrx_word' id='word_1_251' title='bbox 706 4160 792 4225; x_wconf 87' lang='lat' dir='ltr'>vitae</span> <span class='ocrx_word' id='word_1_252' title='bbox 807 4161 968 4242; x_wconf 84' lang='lat' dir='ltr'>exemplar</span> <span class='ocrx_word' id='word_1_253' title='bbox 984 4161 1075 4225; x_wconf 82' lang='lat' dir='ltr'>duxit</span> <span class='ocrx_word' id='word_1_254' title='bbox 1090 4163 1208 4226; x_wconf 86' lang='lat' dir='ltr'>sacrati</span> <span class='ocrx_word' id='word_1_255' title='bbox 1224 4161 1370 4226; x_wconf 90' lang='lat' dir='ltr'>numinis.</span> 
     </span>
     <span class='ocr_line' id='line_1_37' title="bbox 289 4243 1325 4326; baseline -0.003 -14"><span class='ocrx_word' id='word_1_256' title='bbox 289 4251 320 4312; x_wconf 88' lang='grc'>3.</span> <span class='ocrx_word' id='word_1_257' title='bbox 356 4244 382 4310; x_wconf 96' lang='grc'>0</span> <span class='ocrx_word' id='word_1_258' title='bbox 397 4243 543 4309; x_wconf 90' lang='lat' dir='ltr'>miranda</span> <span class='ocrx_word' id='word_1_259' title='bbox 557 4245 659 4309; x_wconf 90' lang='lat' dir='ltr'>virtus</span> <span class='ocrx_word' id='word_1_260' title='bbox 674 4243 802 4321; x_wconf 83' lang='lat' dir='ltr'>Christi,</span> <span class='ocrx_word' id='word_1_261' title='bbox 818 4261 900 4326; x_wconf 87' lang='lat' dir='ltr'>quae</span> <span class='ocrx_word' id='word_1_262' title='bbox 915 4244 1136 4309; x_wconf 89' lang='lat' dir='ltr'>Burchardum</span> <span class='ocrx_word' id='word_1_263' title='bbox 1151 4246 1241 4312; x_wconf 88' lang='lat' dir='ltr'>iubet</span> <span class='ocrx_word' id='word_1_264' title='bbox 1254 4245 1325 4310; x_wconf 89' lang='lat' dir='ltr'>sisti</span> 
     </span>
     <span class='ocr_line' id='line_1_38' title="bbox 354 4328 1144 4409; baseline 0.004 -18"><span class='ocrx_word' id='word_1_265' title='bbox 354 4328 563 4393; x_wconf 87' lang='lat' dir='ltr'>Praesulatus</span> <span class='ocrx_word' id='word_1_266' title='bbox 576 4329 715 4393; x_wconf 88' lang='lat' dir='ltr'>statione</span> <span class='ocrx_word' id='word_1_267' title='bbox 730 4329 776 4395; x_wconf 88' lang='lat' dir='ltr'>sic</span> <span class='ocrx_word' id='word_1_268' title='bbox 790 4346 848 4409; x_wconf 88' lang='lat' dir='ltr'>pro</span> <span class='ocrx_word' id='word_1_269' title='bbox 871 4328 977 4394; x_wconf 88' lang='lat' dir='ltr'>hetico</span> <span class='ocrx_word' id='word_1_270' title='bbox 992 4346 1144 4395; x_wconf 86' lang='lat' dir='ltr'>sermone.</span> 
     </span>
     <span class='ocr_line' id='line_1_39' title="bbox 289 4350 1260 4493; baseline -0.001 -15"><span class='ocrx_word' id='word_1_271' title='bbox 289 4419 321 4478; x_wconf 86' lang='lat'>4.</span> <span class='ocrx_word' id='word_1_272' title='bbox 355 4412 450 4477; x_wconf 87' lang='lat' dir='ltr'>Hunc</span> <span class='ocrx_word' id='word_1_273' title='bbox 464 4412 513 4475; x_wconf 87' lang='lat' dir='ltr'>vir</span> <span class='ocrx_word' id='word_1_274' title='bbox 527 4410 586 4477; x_wconf 90' lang='lat' dir='ltr'>Dei</span> <span class='ocrx_word' id='word_1_275' title='bbox 601 4411 836 4493; x_wconf 87' lang='lat' dir='ltr'>contemplatus</span> <span class='ocrx_word' id='word_1_276' title='bbox 851 4350 1036 4477; x_wconf 58' lang='lat' dir='ltr'>bonifacius</span> <span class='ocrx_word' id='word_1_277' title='bbox 1052 4414 1144 4477; x_wconf 82' lang='lat' dir='ltr'>etsie</span> <span class='ocrx_word' id='word_1_278' title='bbox 1160 4410 1260 4478; x_wconf 84' lang='lat' dir='ltr'>intur:</span> 
     </span>
     <span class='ocr_line' id='line_1_40' title="bbox 355 4495 1182 4563; baseline -0.001 -2"><span class='ocrx_word' id='word_1_279' title='bbox 355 4497 468 4561; x_wconf 89' lang='lat' dir='ltr'>Virum</span> <span class='ocrx_word' id='word_1_280' title='bbox 484 4496 752 4561; x_wconf 89' lang='lat' dir='ltr'>contubernialem</span> <span class='ocrx_word' id='word_1_281' title='bbox 768 4496 855 4561; x_wconf 89' lang='lat' dir='ltr'>misit</span> <span class='ocrx_word' id='word_1_282' title='bbox 869 4496 960 4562; x_wconf 89' lang='lat' dir='ltr'>nobis</span> <span class='ocrx_word' id='word_1_283' title='bbox 975 4495 1061 4560; x_wconf 81' lang='lat' dir='ltr'>Deras</span> <span class='ocrx_word' id='word_1_284' title='bbox 1075 4497 1182 4563; x_wconf 88' lang='lat' dir='ltr'>talem.</span> 
     </span>
     <span class='ocr_line' id='line_1_41' title="bbox 291 4578 1072 4662; baseline -0.001 -17"><span class='ocrx_word' id='word_1_285' title='bbox 291 4585 322 4645; x_wconf 82' lang='lat'>5.</span> <span class='ocrx_word' id='word_1_286' title='bbox 356 4584 382 4645; x_wconf 81' lang='grc' dir='ltr'>Α</span> <span class='ocrx_word' id='word_1_287' title='bbox 397 4597 461 4662; x_wconf 91' lang='lat' dir='ltr'>quo</span> <span class='ocrx_word' id='word_1_288' title='bbox 475 4579 557 4645; x_wconf 89' lang='lat' dir='ltr'>ovile</span> <span class='ocrx_word' id='word_1_289' title='bbox 572 4578 689 4645; x_wconf 90' lang='lat' dir='ltr'>subtile</span> <span class='ocrx_word' id='word_1_290' title='bbox 704 4580 736 4646; x_wconf 93' lang='lat' dir='ltr'>in</span> <span class='ocrx_word' id='word_1_291' title='bbox 750 4579 974 4660; x_wconf 86' lang='lat' dir='ltr'>Herbipolensi</span> <span class='ocrx_word' id='word_1_292' title='bbox 993 4579 1072 4644; x_wconf 88' lang='lat' dir='ltr'>urbe</span> 
     </span>
     <span class='ocr_line' id='line_1_42' title="bbox 354 4662 1204 4746; baseline -0.001 -17"><span class='ocrx_word' id='word_1_293' title='bbox 354 4663 448 4729; x_wconf 85' lang='lat' dir='ltr'>Hunc</span> <span class='ocrx_word' id='word_1_294' title='bbox 462 4664 508 4729; x_wconf 89' lang='lat' dir='ltr'>sic</span> <span class='ocrx_word' id='word_1_295' title='bbox 522 4664 589 4745; x_wconf 83' lang='lat' dir='ltr'>regi</span> <span class='ocrx_word' id='word_1_296' title='bbox 604 4667 637 4729; x_wconf 89' lang='lat' dir='ltr'>et</span> <span class='ocrx_word' id='word_1_297' title='bbox 652 4663 766 4746; x_wconf 81' lang='lat' dir='ltr'>subegi</span> <span class='ocrx_word' id='word_1_298' title='bbox 780 4663 877 4730; x_wconf 90' lang='lat' dir='ltr'>debet</span> <span class='ocrx_word' id='word_1_299' title='bbox 891 4662 1066 4730; x_wconf 87' lang='lat' dir='ltr'>catholicae</span> <span class='ocrx_word' id='word_1_300' title='bbox 1082 4665 1204 4728; x_wconf 87' lang='lat' dir='ltr'>turbae.</span> 
     </span>
     <span class='ocr_line' id='line_1_43' title="bbox 292 4745 1571 4831; baseline -0.003 -17"><span class='ocrx_word' id='word_1_301' title='bbox 292 4751 321 4816; x_wconf 87' lang='grc'>6.</span> <span class='ocrx_word' id='word_1_302' title='bbox 356 4747 459 4815; x_wconf 87' lang='lat' dir='ltr'>Nobis</span> <span class='ocrx_word' id='word_1_303' title='bbox 485 4747 581 4813; x_wconf 86' lang='lat' dir='ltr'>datus</span> <span class='ocrx_word' id='word_1_304' title='bbox 606 4747 657 4812; x_wconf 87' lang='lat' dir='ltr'>hic</span> <span class='ocrx_word' id='word_1_305' title='bbox 681 4748 856 4831; x_wconf 84' lang='lat' dir='ltr'>praelatus,</span> <span class='ocrx_word' id='word_1_306' title='bbox 881 4750 963 4816; x_wconf 85' lang='lat' dir='ltr'>uiam</span> <span class='ocrx_word' id='word_1_307' title='bbox 985 4749 1071 4813; x_wconf 87' lang='lat' dir='ltr'>vitae</span> <span class='ocrx_word' id='word_1_308' title='bbox 1096 4747 1182 4830; x_wconf 90' lang='lat' dir='ltr'>capit</span> <span class='ocrx_word' id='word_1_309' title='bbox 1203 4747 1264 4812; x_wconf 87' lang='lat' dir='ltr'>rite</span> <span class='ocrx_word' id='word_1_310' title='bbox 1286 4763 1391 4810; x_wconf 87' lang='lat' dir='ltr'>ueram</span> <span class='ocrx_word' id='word_1_311' title='bbox 1412 4745 1504 4811; x_wconf 92' lang='lat' dir='ltr'>nobis</span> <span class='ocrx_word' id='word_1_312' title='bbox 1523 4745 1571 4811; x_wconf 91' lang='lat' dir='ltr'>in·</span> 
     </span>
     <span class='ocr_line' id='line_1_44' title="bbox 462 4837 1412 4912; baseline -0.003 -14"><span class='ocrx_word' id='word_1_313' title='bbox 462 4837 618 4911; x_wconf 73' lang='lat' dir='ltr'>stamme,</span> <span class='ocrx_word' id='word_1_314' title='bbox 1409 4906 1412 4912; x_wconf 26' lang='lat'>¹</span> 
     </span>
     <span class='ocr_line' id='line_1_45' title="bbox 353 4912 1571 5066; baseline -0.002 -86"><span class='ocrx_word' id='word_1_315' title='bbox 353 4912 398 4980; x_wconf 85' lang='lat' dir='ltr'>Et</span> <span class='ocrx_word' id='word_1_316' title='bbox 424 4920 610 5066; x_wconf 41' lang='lat' dir='ltr'>cumanum</span> <span class='ocrx_word' id='word_1_317' title='bbox 638 4916 787 4984; x_wconf 81' lang='lat' dir='ltr'>vitiorum</span> <span class='ocrx_word' id='word_1_318' title='bbox 816 4935 874 5001; x_wconf 91' lang='lat' dir='ltr'>per</span> <span class='ocrx_word' id='word_1_319' title='bbox 902 4917 1058 4983; x_wconf 75' lang='lat' dir='ltr'>intutum</span> <span class='ocrx_word' id='word_1_320' title='bbox 1087 4920 1212 4983; x_wconf 89' lang='lat' dir='ltr'>scutum</span> <span class='ocrx_word' id='word_1_321' title='bbox 1240 4918 1343 4980; x_wconf 91' lang='lat' dir='ltr'>tutum</span> <span class='ocrx_word' id='word_1_322' title='bbox 1370 4931 1450 4980; x_wconf 90' lang='lat' dir='ltr'>onus</span> <span class='ocrx_word' id='word_1_323' title='bbox 1474 4930 1571 4995; x_wconf 77' lang='lat' dir='ltr'>gram</span> 
     </span>
     <span class='ocr_line' id='line_1_46' title="bbox 462 5015 638 5068; baseline -0.028 0"><span class='ocrx_word' id='word_1_324' title='bbox 462 5017 502 5068; x_wconf 81' lang='lat' dir='ltr'>su</span> <span class='ocrx_word' id='word_1_325' title='bbox 534 5015 638 5068; x_wconf 77' lang='lat' dir='ltr'>erere.</span> 
     </span>
    </p>
   </div>
   <div class='ocr_carea' id='block_1_12' title="bbox 0 0 2012 5800">
    <p class='ocr_par' dir='ltr' id='par_1_14' title="bbox 0 0 2012 5800">
     <span class='ocr_line' id='line_1_47' title="bbox 0 0 2012 5800; baseline 0 0"><span class='ocrx_word' id='word_1_326' title='bbox 0 0 2012 5800; x_wconf 95' lang='lat' dir='ltr'> </span> 
     </span>
    </p>
   </div>
  </div>
 </body>
</html>
