3975 5800
878 620 1107 685 ..143-

347 805 376 866 3.
402 805 502 886 Virga
516 802 626 868 florem
641 805 841 885 conceptura,

402 891 502 955 Stella
518 889 617 953 solem
632 889 776 969 paritura

401 975 505 1039 Hodie
520 973 711 1052 coneipitur:

402 1059 476 1122 Flos
491 1058 530 1120 de
546 1058 636 1135 virga
650 1072 865 1137 processuras,

402 1142 456 1205 801
470 1141 510 1205 (10
527 1140 621 1205 stella
635 1140 816 1204 nasciturus

404 1226 551 1290 Christus
565 1223 764 1303 intelligitur.

347 1310 376 1368 4.
403 1310 429 1375 0
446 1327 541 1390 quanm
556 1308 630 1372 felix
646 1314 679 1372 et
694 1306 867 1388 praeclara,

402 1394 502 1458 Nobis
518 1397 620 1473 grata,
635 1392 702 1456 Deo
716 1391 814 1455 chara

403 1478 478 1542 Fuit
492 1477 570 1541 haec
586 1475 766 1557 conceptio:

403 1561 605 1625 Terminatnr
620 1559 756 1637 miseria,

401 1646 505 1710 Datur
519 1643 745 1719 misericordia,

402 1730 523 1794 Luctus
539 1728 624 1793 cedit
638 1728 764 1810 gaudio.

275 1838 290 1855 ‘
347 1810 376 1867 5·
401 1816 492 1880 Nova
507 1820 610 1878 matur
624 1830 737 1876 novam
756 1811 887 1892 prolem,

403 1898 490 1962 Nova
507 1897 602 1961 stella
618 1915 730 1961 novum
748 1895 846 1961 solem

403 1982 492 2046 Nova
507 1981 630 2062 profert
645 1980 763 2062 gratia:

402 2066 584 2131 Genitorem
601 2066 757 2145 genitura,

402 2151 582 2216 Creatorem
598 2156 746 2214 creatura

402 2235 529 2298 Patrem
546 2235 630 2315 parit
645 2233 720 2297 filia.

347 2312 375 2370 6·
402 2320 427 2382 0
444 2319 620 2383 mirandam
638 2318 822 2394 novitatem,

402 2403 523 2467 Novam
539 2420 664 2483 quoque
682 2401 871 2473 dignitatem

401 2488 492 2550 Ditat
506 2487 617 2550 mratris
633 2486 812 2550 castitatem

400 2570 474 2635 Filii
490 2570 671 2651 conceptio:

401 2654 513 2719 Gaude
529 2654 618 2734 virgo
636 2654 786 2734 gratiosa,

402 2739 501 2820 Virga
517 2737 593 2803 tlore
608 2738 761 2820 speciosa,

400 2825 505 2888 Mater
520 2824 609 2905 prole
627 2840 781 2903 generosa

400 2906 484 2973 Vere
500 2909 595 2990 plena
610 2908 737 2989 gaudio.

347 2996 375 3054 7.
401 2991 493 3068 Quod
510 2992 684 3074 praecessit
699 2991 731 3055 in
746 2991 859 3070 figura,

400 3077 493 3143 Nube
508 3078 589 3141 latet
604 3076 662 3141 sub
679 3076 823 3141 obscura.

1087 801 1237 868 Pariendi
1251 801 1350 869 vertit
1365 801 1447 881 inre,

1087 888 1181 966 Fusa,
1197 887 1335 953 mirante
1352 894 1469 952 natura

1087 972 1225 1037 Deitatis
1239 970 1356 1054 pluvia.

1039 1144 1069 1204 8.
1089 1139 1197 1204 Triste
1211 1139 1273 1204 fuit
1287 1139 1320 1203 in
1336 1139 1405 1205 Eva
1419 1156 1489 1220 vae,

1088 1223 1151 1288 Sed
1165 1242 1203 1288 ex
1219 1223 1287 1289 Eva
1302 1222 1420 1289 format
1434 1242 1494 1290 ave

1088 1311 1191 1373 Versa
1205 1307 1283 1385 vice,
1300 1308 1356 1373 sed
1372 1328 1434 1373 nnn
1451 1325 1560 1390 prave,

1088 1392 1180 1457 Intus
1196 1391 1301 1457 ferens
1317 1393 1349 1456 in
1365 1393 1515 1457 conclave

1089 1475 1227 1541 Verbum
1243 1476 1359 1541 bonum
1375 1481 1409 1541 et
1423 1495 1530 1554 suave,

1086 1561 1188 1627 Nobis
1203 1569 1307 1625 mater
1321 1560 1411 1643 virgo
1426 1560 1509 1639 fave,

1089 1645 1158 1710 Tua
1173 1643 1236 1710 frui
1250 1646 1367 1725 gratia.

1040 1818 1069 1874 u.
1089 1811 1199 1877 Omnis
1214 1813 1308 1878 homo
1324 1813 1394 1879 sine
1408 1831 1499 1878 mora

1089 1896 1199 1962 Laude
1213 1898 1327 1979 plenus
1343 1898 1471 1964 solvens
1493 1913 1550 1960 ora

1090 1981 1188 2046 Istam
1205 1983 1302 2059 colas,
1317 1983 1419 2064 ipsam
1435 1999 1493 2046 ora

1091 2065 1184 2130 Omni
1200 2066 1261 2145 die,
1277 2067 1362 2131 onrni
1378 2066 1466 2141 hora,

1090 2150 1140 2215 Sit
1153 2168 1242 2215 mens
1258 2150 1403 2233 simplex,
1419 2167 1480 2214 vox
1494 2166 1624 2226 sonora,

1090 2234 1142 2299 Sic
1157 2234 1311 2318 supplica,
1326 2235 1372 2300 sic
1385 2233 1521 2317 implora

1088 2317 1193 2384 Huius
1209 2319 1396 2401 patrocinia.

1022 2493 1070 2553 10.
1091 2485 1139 2551 Tu
1153 2504 1228 2569 spes
1243 2491 1332 2550 certa
1346 2487 1543 2564 miserorum,
1603 2562 1605 2567 Ι

1090 2571 1174 2635 Vere
1189 2575 1293 2636 mater
1308 2569 1532 2652 orphanorum,

1088 2654 1136 2719 Tu
1152 2654 1296 2721 levamen
1312 2671 1548 2735 oppressorum,

1088 2739 1286 2804 Medicamen
1300 2736 1506 2819 intirmorum,

1089 2822 1243 2889 Omnibus
1259 2841 1293 2888 es
1308 2823 1423 2888 omnia.

1089 2908 1135 2975 Te
1150 2926 1302 2991 rogamus
1316 2914 1391 2973 voto
1406 2907 1476 2989 pari

1089 2993 1199 3059 Laude
1212 2992 1312 3075 digna
1325 2991 1489 3073 singulari,

1090 3075 1136 3141 Ut
1150 3082 1296 3143 errantes
1311 3076 1344 3142 in
1359 3076 1419 3141 hoo
1432 3076 1514 3141 mari

400 3160 468 3225 lloc
484 3161 627 3227 declarat
642 3161 790 3243 genitura
1089 3162 1156 3227 Nos
1172 3162 1205 3225 in
1220 3167 1315 3244 portu
1330 3160 1465 3227 salutari

400 3244 476 3311 Piae
492 3247 613 3322 matris,
630 3246 720 3327 virgo
735 3264 815 3328 pura
1091 3245 1161 3310 Tua
1175 3247 1271 3312 sistat
1285 3245 1402 3326 gratia.
1433 3246 1542 3308 Arnen.

416 3363 441 3399 a.
460 3344 553 3399 Text.
591 3344 681 3400 Morel
699 3346 751 3401 No.
773 3349 832 3399 123.
851 3346 880 3400 S.
901 3348 943 3399 76.
962 3359 1030 3398 ons:
1056 3344 1167 3413 Hymni,
1190 3343 1333 3412 collectae,
1356 3344 1535 3413 antiphonae.
1560 3343 1652 3399 Paris.

344 3417 414 3469 1585
434 3417 488 3485 (Α).
508 3447 541 3457 -
562 3417 692 3471 Cliehtov.
712 3416 761 3485 lV,
783 3420 841 3472 190.
862 3414 1046 3487 (Bt-Stobi
1064 3416 1137 3471 ancli
1156 3417 1195 3470 im
1212 3414 1278 3471 Cod.
1297 3416 1324 3470 S.
1340 3415 1475 3472 (1011646
1494 3413 1653 3483 (Brunder).

411 3505 437 3560 b.
458 3504 644 3558 Lesarteu.
684 3510 707 3574 1,
718 3511 742 3560 6.
760 3503 849 3559 Recta
867 3504 899 3558 Δ.
919 3533 953 3543 -
972 3507 998 3572 2,
1017 3506 1042 3557 l.
1062 3503 1250 3573 providerunt.
1278 3533 1312 3543 —
1341 3506 1411 3572 3,1.
1440 3502 1474 3556 V.
1493 3501 1601 3572 prolem
1620 3503 1651 3557 B.

342 3603 374 3612 —
395 3578 421 3640 4,
440 3579 465 3629 4.
486 3576 637 3630 seminatur
656 3577 689 3630 A.
709 3607 743 3617 -
762 3582 787 3645 6,
808 3580 831 3630 1.
852 3576 874 3630 0
893 3575 982 3641 admir
1002 3576 1032 3629 B.
1052 3604 1086 3616 -
1106 3579 1132 3644 6,
1150 3577 1176 3629 8.
1195 3574 1283 3630 Plena
1301 3574 1385 3644 pleno
1403 3592 1429 3644 g.
1454 3576 1488 3629 A.
1516 3602 1551 3615 -
1579 3578 1605 3642 7,
1625 3580 1651 3629 4.

342 3645 426 3699 semel
445 3653 525 3701 matr.
545 3649 578 3702 A.
597 3677 631 3687 -
651 3652 677 3712 8,
699 3653 721 3701 1.
740 3665 773 3702 re
792 3648 823 3702 B.
843 3678 876 3688 -
896 3650 921 3716 8,
940 3650 965 3701 2.
985 3647 1108 3702 formans
1127 3650 1161 3703 A.
1189 3677 1223 3687 -
1252 3647 1278 3715 Β,
1296 3650 1322 3701 4.
1345 3644 1399 3702 Int.
1423 3646 1519 3702 celans
1542 3645 1577 3701 Δ.
1616 3676 1651 3686 -

341 3718 367 3784 9,
386 3721 411 3772 2.
432 3719 524 3773 solcas
543 3720 576 3773 A.
598 3749 629 3759 -
649 3723 675 3787 9,
694 3723 719 3773 6.
740 3722 805 3789 Sup.
825 3720 865 3774 sic
883 3720 917 3774 A.
937 3748 971 3759 -
993 3723 1034 3789 10,
1055 3722 1079 3773 3.
1098 3719 1227 3774 iuramen
1246 3717 1280 3773 Δ.

896 3872 1095 3881 --—--—--—-

587 4002 654 4062 186.
697 3997 749 4063 De
770 3999 965 4081 conceptione
987 4000 1096 4067 beatae
1117 4000 1250 4068 Manae
1271 4000 1415 4083 airpircm

344 4124 369 4181 l.
398 4115 477 4179 Dies
494 4113 580 4179 laeta
594 4114 783 4193 celebretur,

399 4199 437 4262 ln
454 4217 518 4279 qua
531 4199 585 4279 pia
600 4206 782 4265 recensetur

399 4283 522 4349 Mariae
537 4284 718 4363 conceptio:

400 4368 497 4432 Cuius
511 4366 623 4431 laudes
639 4386 868 4451 prosequamur

398 4453 465 4517 Nos
480 4452 535 4533 qui
550 4456 641 4516 tanto
658 4455 857 4532 gratulamm·

398 4536 458 4600 Dei
476 4537 638 4603 beneficio.

340 4623 369 4681 2.
398 4619 486 4686 Felix
501 4622 629 4701 quidem
645 4626 695 4687 est
710 4628 889 4705 conceptus,

397 4705 459 4769 Per
473 4722 566 4784 quem
582 4706 719 4770 mundus
735 4712 786 4772 est
800 4707 935 4791 adeptus

398 4787 519 4853 Salutis
535 4791 692 4854 remedia:

398 4873 489 4937 Hanc
504 4873 680 4956 prophetae
696 4876 931 4957 praeviderunt,

398 4956 604 5022 Patriarchae
618 4966 867 5040 praesenserunt

398 5041 581 5126 Inspirante
594 5042 710 5125 gratia

1020 4128 1049 4188 3.
1075 4116 1176 4199 Virga
1190 4117 1298 4184 florem
1315 4121 1517 4200 conceptura,

1076 4201 1178 4268 Stella
1193 4202 1292 4269 solem
1307 4204 1453 4284 paritura

1075 4287 1181 4352 Hodie
1196 4286 1390 4369 concipitur:

1075 4372 1148 4438 Flos
1164 4372 1204 4438 de
1217 4372 1308 4455 virga
1322 4387 1539 4454 processurus,

1076 4456 1131 4523 801
1147 4458 1187 4522 de
1202 4455 1298 4522 stella
1316 4457 1499 4521 nascitums

1075 4540 1222 4607 Christus
1236 4540 1435 4620 intelligitur.

1018 4632 1049 4691 4.
1074 4624 1170 4689 Flore
1185 4624 1276 4705 virga
1290 4621 1466 4703 fructifera,

1074 4705 1147 4772 Sole
1162 4709 1256 4773 stella
1270 4706 1413 4785 lucifera,

1075 4790 1157 4858 Solis
1171 4791 1282 4858 lucens
1296 4792 1432 4858 lumine:

1075 4874 1188 4940 Samen
1205 4877 1291 4959 regis
1306 4878 1486 4948 decoratur,

1073 4960 1166 5024 Ritus
1179 4959 1261 5042 legis
1276 4959 1448 5027 innovatur

1073 5043 1144 5111 Hoc
1157 5042 1241 5111 felici
1255 5045 1408 5127 germina.
