<?xml version="1.0" encoding="UTF-8"?>
<!DOCTYPE html PUBLIC "-//W3C//DTD XHTML 1.0 Transitional//EN"
    "http://www.w3.org/TR/xhtml1/DTD/xhtml1-transitional.dtd">
<html xmlns="http://www.w3.org/1999/xhtml" xml:lang="en" lang="en">
 <head>
  <title>
</title>
<meta http-equiv="Content-Type" content="text/html;charset=utf-8" />
  <meta name='ocr-system' content='tesseract 3.04.00' />
  <meta name='ocr-capabilities' content='ocr_page ocr_carea ocr_par ocr_line ocrx_word'/>
</head>
<body>
  <div class='ocr_page' id='page_1' title='image "./lateinischesequ00kehrgoog_0534.png"; bbox 0 0 3975 5800; ppageno 0'>
   <div class='ocr_carea' id='block_1_1' title="bbox 893 565 1124 631">
    <p class='ocr_par' dir='ltr' id='par_1_1' title="bbox 893 565 1124 631">
     <span class='ocr_line' id='line_1_1' title="bbox 893 565 1124 631; baseline -0.009 0"><span class='ocrx_word' id='word_1_1' title='bbox 893 565 1124 631; x_wconf 80' lang='lat' dir='ltr'>-o15-</span> 
     </span>
    </p>
   </div>
   <div class='ocr_carea' id='block_1_2' title="bbox 354 747 1657 1035">
    <p class='ocr_par' dir='ltr' id='par_1_2' title="bbox 354 747 1657 1035">
     <span class='ocr_line' id='line_1_2' title="bbox 354 747 1657 820; baseline -0.002 -12"><span class='ocrx_word' id='word_1_2' title='bbox 354 747 388 807; x_wconf 74' lang='lat' dir='ltr'>F.</span> <span class='ocrx_word' id='word_1_3' title='bbox 407 778 441 793; x_wconf 91' lang='lat'>-·</span> <span class='ocrx_word' id='word_1_4' title='bbox 460 754 486 819; x_wconf 84' lang='grc'>6,</span> <span class='ocrx_word' id='word_1_5' title='bbox 504 752 530 806; x_wconf 76' lang='lat'>4.</span> <span class='ocrx_word' id='word_1_6' title='bbox 549 747 613 806; x_wconf 79' lang='lat' dir='ltr'>Non</span> <span class='ocrx_word' id='word_1_7' title='bbox 631 762 769 819; x_wconf 81' lang='lat' dir='ltr'>quaeram</span> <span class='ocrx_word' id='word_1_8' title='bbox 787 749 817 806; x_wconf 81' lang='lat'>0.</span> <span class='ocrx_word' id='word_1_9' title='bbox 835 748 997 820; x_wconf 81' lang='lat' dir='ltr'>polentiam</span> <span class='ocrx_word' id='word_1_10' title='bbox 1013 749 1073 806; x_wconf 79' lang='lat' dir='ltr'>AL.</span> <span class='ocrx_word' id='word_1_11' title='bbox 1109 777 1144 791; x_wconf 91' lang='lat'>-</span> <span class='ocrx_word' id='word_1_12' title='bbox 1181 752 1207 817; x_wconf 88' lang='grc'>6,</span> <span class='ocrx_word' id='word_1_13' title='bbox 1225 752 1251 806; x_wconf 81' lang='lat' dir='ltr'>li.</span> <span class='ocrx_word' id='word_1_14' title='bbox 1270 748 1330 808; x_wconf 82' lang='lat' dir='ltr'>ensi</span> <span class='ocrx_word' id='word_1_15' title='bbox 1346 748 1435 807; x_wconf 81' lang='lat' dir='ltr'>Naale</span> <span class='ocrx_word' id='word_1_16' title='bbox 1453 762 1470 805; x_wconf 88' lang='lat' dir='ltr'>e</span> <span class='ocrx_word' id='word_1_17' title='bbox 1487 749 1657 805; x_wconf 79' lang='lat' dir='ltr'>confectura.</span> 
     </span>
     <span class='ocr_line' id='line_1_3' title="bbox 355 820 1657 891; baseline -0.002 -12"><span class='ocrx_word' id='word_1_18' title='bbox 355 851 392 864; x_wconf 92' lang='lat'>·-</span> <span class='ocrx_word' id='word_1_19' title='bbox 410 825 436 889; x_wconf 80' lang='grc'>6,</span> <span class='ocrx_word' id='word_1_20' title='bbox 455 824 480 878; x_wconf 83' lang='grc'>7.</span> <span class='ocrx_word' id='word_1_21' title='bbox 499 822 635 891; x_wconf 83' lang='lat' dir='ltr'>concupis</span> <span class='ocrx_word' id='word_1_22' title='bbox 653 821 687 877; x_wconf 82' lang='grc' dir='ltr'>Ε.</span> <span class='ocrx_word' id='word_1_23' title='bbox 705 852 740 864; x_wconf 89' lang='grc'>-</span> <span class='ocrx_word' id='word_1_24' title='bbox 759 825 785 891; x_wconf 90' lang='grc'>6,</span> <span class='ocrx_word' id='word_1_25' title='bbox 802 824 828 879; x_wconf 84' lang='grc'>8.</span> <span class='ocrx_word' id='word_1_26' title='bbox 848 820 878 876; x_wconf 89' lang='grc' dir='ltr'>Ρ.</span> <span class='ocrx_word' id='word_1_27' title='bbox 898 821 942 876; x_wconf 89' lang='lat' dir='ltr'>dei</span> <span class='ocrx_word' id='word_1_28' title='bbox 960 824 995 877; x_wconf 79' lang='lat' dir='ltr'>A.</span> <span class='ocrx_word' id='word_1_29' title='bbox 1013 821 1201 891; x_wconf 81' lang='lat' dir='ltr'>praesentiam</span> <span class='ocrx_word' id='word_1_30' title='bbox 1219 822 1297 878; x_wconf 90' lang='lat' dir='ltr'>D.-</span> <span class='ocrx_word' id='word_1_31' title='bbox 1317 825 1342 888; x_wconf 84' lang='lat'>7,</span> <span class='ocrx_word' id='word_1_32' title='bbox 1363 826 1385 877; x_wconf 94' lang='lat'>1.</span> <span class='ocrx_word' id='word_1_33' title='bbox 1405 820 1438 878; x_wconf 83' lang='grc' dir='ltr'>Ε.</span> <span class='ocrx_word' id='word_1_34' title='bbox 1457 836 1484 891; x_wconf 85' lang='lat' dir='ltr'>p.</span> <span class='ocrx_word' id='word_1_35' title='bbox 1503 821 1657 891; x_wconf 79' lang='lat' dir='ltr'>triumpha·</span> 
     </span>
     <span class='ocr_line' id='line_1_4' title="bbox 354 891 1656 1035; baseline 0.001 -86"><span class='ocrx_word' id='word_1_36' title='bbox 354 893 580 1035; x_wconf 42' lang='lat' dir='ltr'>lr-atq’vblfliogrios</span> <span class='ocrx_word' id='word_1_37' title='bbox 592 892 821 1022; x_wconf 53' lang='lat' dir='ltr'>ffibffiem</span> <span class='ocrx_word' id='word_1_38' title='bbox 839 908 855 950; x_wconf 87' lang='lat' dir='ltr'>e</span> <span class='ocrx_word' id='word_1_39' title='bbox 873 894 1043 950; x_wconf 86' lang='lat' dir='ltr'>coniectura.</span> <span class='ocrx_word' id='word_1_40' title='bbox 1070 922 1104 937; x_wconf 87' lang='lat'>·-</span> <span class='ocrx_word' id='word_1_41' title='bbox 1131 893 1207 964; x_wconf 76' lang='lat' dir='ltr'>Ergo</span> <span class='ocrx_word' id='word_1_42' title='bbox 1228 894 1355 951; x_wconf 84' lang='lat' dir='ltr'>Christus</span> <span class='ocrx_word' id='word_1_43' title='bbox 1372 893 1437 951; x_wconf 82' lang='lat' dir='ltr'>dum</span> <span class='ocrx_word' id='word_1_44' title='bbox 1456 892 1610 965; x_wconf 81' lang='lat' dir='ltr'>triumrphat</span> <span class='ocrx_word' id='word_1_45' title='bbox 1626 891 1656 950; x_wconf 66' lang='lat' dir='ltr'>(i</span> 
     </span>
    </p>
   </div>
   <div class='ocr_carea' id='block_1_3' title="bbox 905 1113 1107 1128">
    <p class='ocr_par' dir='ltr' id='par_1_3' title="bbox 905 1113 1107 1128">
     <span class='ocr_line' id='line_1_5' title="bbox 905 1113 1107 1128; baseline -0.005 0"><span class='ocrx_word' id='word_1_46' title='bbox 905 1113 1107 1128; x_wconf 55' lang='grc' dir='ltr'><strong><em>Μ</em></strong></span> 
     </span>
    </p>
   </div>
   <div class='ocr_carea' id='block_1_4' title="bbox 829 1238 1193 1325">
    <p class='ocr_par' dir='ltr' id='par_1_4' title="bbox 829 1238 1193 1325">
     <span class='ocr_line' id='line_1_6' title="bbox 829 1238 1193 1325; baseline -0.003 -20"><span class='ocrx_word' id='word_1_47' title='bbox 829 1244 899 1310; x_wconf 82' lang='grc'><strong>761.</strong></span> <span class='ocrx_word' id='word_1_48' title='bbox 942 1238 996 1308; x_wconf 81' lang='lat' dir='ltr'>De</span> <span class='ocrx_word' id='word_1_49' title='bbox 1016 1260 1042 1309; x_wconf 89' lang='lat' dir='ltr'>s.</span> <span class='ocrx_word' id='word_1_50' title='bbox 1064 1239 1193 1325; x_wconf 69' lang='lat' dir='ltr'>Accola.</span> 
     </span>
    </p>
   </div>
   <div class='ocr_carea' id='block_1_5' title="bbox 358 1367 1658 2408">
    <p class='ocr_par' dir='ltr' id='par_1_5' title="bbox 358 1367 1658 1619">
     <span class='ocr_line' id='line_1_7' title="bbox 358 1367 1656 1456; baseline -0.007 -11"><span class='ocrx_word' id='word_1_51' title='bbox 358 1383 387 1445; x_wconf 93' lang='lat' dir='ltr'>l.</span> <span class='ocrx_word' id='word_1_52' title='bbox 413 1373 525 1456; x_wconf 79' lang='lat' dir='ltr'>Agnus</span> <span class='ocrx_word' id='word_1_53' title='bbox 539 1371 600 1437; x_wconf 91' lang='lat' dir='ltr'>Dei</span> <span class='ocrx_word' id='word_1_54' title='bbox 616 1371 826 1449; x_wconf 79' lang='lat' dir='ltr'>collaudet-ur,</span> <span class='ocrx_word' id='word_1_55' title='bbox 1032 1379 1062 1442; x_wconf 82' lang='grc'>4.</span> <span class='ocrx_word' id='word_1_56' title='bbox 1087 1374 1137 1442; x_wconf 81' lang='lat' dir='ltr'>Ab</span> <span class='ocrx_word' id='word_1_57' title='bbox 1156 1374 1279 1440; x_wconf 91' lang='lat' dir='ltr'>incesto</span> <span class='ocrx_word' id='word_1_58' title='bbox 1301 1374 1391 1438; x_wconf 86' lang='lat' dir='ltr'>casta</span> <span class='ocrx_word' id='word_1_59' title='bbox 1412 1367 1656 1453; x_wconf 80' lang='lat' dir='ltr'><strong>concupiscitur,</strong></span> 
     </span>
     <span class='ocr_line' id='line_1_8' title="bbox 414 1455 1658 1542; baseline -0.002 -18"><span class='ocrx_word' id='word_1_60' title='bbox 414 1455 510 1524; x_wconf 88' lang='lat' dir='ltr'>Orbis</span> <span class='ocrx_word' id='word_1_61' title='bbox 524 1462 613 1522; x_wconf 90' lang='lat' dir='ltr'>totus</span> <span class='ocrx_word' id='word_1_62' title='bbox 628 1457 827 1540; x_wconf 77' lang='lat' dir='ltr'>collaetetur,</span> <span class='ocrx_word' id='word_1_63' title='bbox 1088 1459 1221 1542; x_wconf 86' lang='lat' dir='ltr'>Spretus</span> <span class='ocrx_word' id='word_1_64' title='bbox 1258 1457 1291 1522; x_wconf 93' lang='lat' dir='ltr'>in</span> <span class='ocrx_word' id='word_1_65' title='bbox 1323 1456 1428 1522; x_wconf 89' lang='lat' dir='ltr'>lucem</span> <span class='ocrx_word' id='word_1_66' title='bbox 1466 1455 1658 1539; x_wconf 83' lang='lat' dir='ltr'>impugnans</span> 
     </span>
     <span class='ocr_line' id='line_1_9' title="bbox 414 1537 1276 1619; baseline -0.002 -12"><span class='ocrx_word' id='word_1_67' title='bbox 414 1540 461 1608; x_wconf 86' lang='lat' dir='ltr'>Ut</span> <span class='ocrx_word' id='word_1_68' title='bbox 474 1540 589 1607; x_wconf 84' lang='lat' dir='ltr'>festiue</span> <span class='ocrx_word' id='word_1_69' title='bbox 605 1537 785 1609; x_wconf 85' lang='lat' dir='ltr'>c&#39;elebretur</span> <span class='ocrx_word' id='word_1_70' title='bbox 1131 1543 1276 1619; x_wconf 89' lang='lat' dir='ltr'>moritur,</span> 
     </span>
    </p>

    <p class='ocr_par' dir='ltr' id='par_1_6' title="bbox 412 1623 1655 2114">
     <span class='ocr_line' id='line_1_10' title="bbox 412 1623 1435 1708; baseline -0.003 -16"><span class='ocrx_word' id='word_1_71' title='bbox 412 1626 548 1708; x_wconf 77' lang='lat' dir='ltr'>Agnetis</span> <span class='ocrx_word' id='word_1_72' title='bbox 562 1625 767 1708; x_wconf 85' lang='lat' dir='ltr'>martyrium:</span> <span class='ocrx_word' id='word_1_73' title='bbox 1086 1626 1176 1704; x_wconf 89' lang='lat' dir='ltr'>Orat,</span> <span class='ocrx_word' id='word_1_74' title='bbox 1192 1627 1258 1692; x_wconf 86' lang='lat' dir='ltr'>vite</span> <span class='ocrx_word' id='word_1_75' title='bbox 1273 1623 1435 1690; x_wconf 90' lang='lat' dir='ltr'>redditur:</span> 
     </span>
     <span class='ocr_line' id='line_1_11' title="bbox 415 1705 1589 1793; baseline -0.004 -17"><span class='ocrx_word' id='word_1_76' title='bbox 415 1709 562 1776; x_wconf 84' lang='lat' dir='ltr'>Cantitas</span> <span class='ocrx_word' id='word_1_77' title='bbox 578 1712 828 1792; x_wconf 81' lang='lat' dir='ltr'>congratuletur,</span> <span class='ocrx_word' id='word_1_78' title='bbox 1085 1710 1247 1793; x_wconf 87' lang='lat' dir='ltr'>Lupanari</span> <span class='ocrx_word' id='word_1_79' title='bbox 1263 1708 1425 1774; x_wconf 86' lang='lat' dir='ltr'>denudata</span> <span class='ocrx_word' id='word_1_80' title='bbox 1439 1705 1589 1782; x_wconf 76' lang='lat' dir='ltr'>trahitur,</span> 
     </span>
     <span class='ocr_line' id='line_1_12' title="bbox 412 1791 1655 1878; baseline -0.003 -17"><span class='ocrx_word' id='word_1_81' title='bbox 412 1794 512 1872; x_wconf 86' lang='lat' dir='ltr'>Mens,</span> <span class='ocrx_word' id='word_1_82' title='bbox 528 1812 653 1869; x_wconf 89' lang='lat' dir='ltr'>manus,</span> <span class='ocrx_word' id='word_1_83' title='bbox 667 1813 728 1861; x_wconf 81' lang='lat' dir='ltr'>vox</span> <span class='ocrx_word' id='word_1_84' title='bbox 742 1795 904 1878; x_wconf 88' lang='lat' dir='ltr'>incitetur,</span> <span class='ocrx_word' id='word_1_85' title='bbox 1085 1795 1170 1862; x_wconf 89' lang='lat' dir='ltr'>Fuso</span> <span class='ocrx_word' id='word_1_86' title='bbox 1185 1794 1272 1859; x_wconf 88' lang='lat' dir='ltr'>crine</span> <span class='ocrx_word' id='word_1_87' title='bbox 1286 1810 1401 1874; x_wconf 90' lang='lat' dir='ltr'>corpus</span> <span class='ocrx_word' id='word_1_88' title='bbox 1416 1808 1508 1856; x_wconf 92' lang='lat' dir='ltr'>omne</span> <span class='ocrx_word' id='word_1_89' title='bbox 1524 1791 1655 1872; x_wconf 81' lang='lat' dir='ltr'>tegitur,</span> 
     </span>
     <span class='ocr_line' id='line_1_13' title="bbox 415 1874 1464 1947; baseline -0.004 -2"><span class='ocrx_word' id='word_1_90' title='bbox 415 1878 525 1945; x_wconf 90' lang='lat' dir='ltr'>Omnis</span> <span class='ocrx_word' id='word_1_91' title='bbox 541 1884 631 1946; x_wconf 88' lang='lat' dir='ltr'>setas</span> <span class='ocrx_word' id='word_1_92' title='bbox 645 1884 815 1946; x_wconf 86' lang='lat' dir='ltr'>veneretur</span> <span class='ocrx_word' id='word_1_93' title='bbox 1085 1879 1171 1947; x_wconf 84' lang='lat' dir='ltr'>Luce</span> <span class='ocrx_word' id='word_1_94' title='bbox 1190 1874 1464 1945; x_wconf 87' lang='lat' dir='ltr'>circumfunditur.</span> 
     </span>
     <span class='ocr_line' id='line_1_14' title="bbox 414 1962 1574 2114; baseline -0.006 -85"><span class='ocrx_word' id='word_1_95' title='bbox 414 1962 558 2045; x_wconf 83' lang='lat' dir='ltr'>Virginis</span> <span class='ocrx_word' id='word_1_96' title='bbox 575 1964 791 2044; x_wconf 88' lang='lat' dir='ltr'>praeconium.</span> <span class='ocrx_word' id='word_1_97' title='bbox 1031 1968 1060 2030; x_wconf 82' lang='lat'>5.</span> <span class='ocrx_word' id='word_1_98' title='bbox 1085 1963 1213 2114; x_wconf 49' lang='lat' dir='ltr'>{firma</span> <span class='ocrx_word' id='word_1_99' title='bbox 1228 1963 1336 2110; x_wconf 55' lang='lat' dir='ltr'>rogur,</span> <span class='ocrx_word' id='word_1_100' title='bbox 1352 1977 1462 2108; x_wconf 54' lang='lat' dir='ltr'>seffl</span> <span class='ocrx_word' id='word_1_101' title='bbox 1472 1963 1574 2107; x_wconf 49' lang='lat' dir='ltr'>aetas,</span> 
     </span>
    </p>

    <p class='ocr_par' dir='ltr' id='par_1_7' title="bbox 856 2056 1577 2113">
     <span class='ocr_line' id='line_1_15' title="bbox 856 2056 1577 2113; baseline 0.004 -7"><span class='ocrx_word' id='word_1_102' title='bbox 856 2090 863 2106; x_wconf 92' lang='lat'><strong>.</strong></span> <span class='ocrx_word' id='word_1_103' title='bbox 1151 2056 1260 2113; x_wconf 86' lang='lat' dir='ltr'>certon</span> <span class='ocrx_word' id='word_1_104' title='bbox 1286 2062 1388 2109; x_wconf 88' lang='lat' dir='ltr'>umre</span> <span class='ocrx_word' id='word_1_105' title='bbox 1435 2063 1445 2108; x_wconf 89' lang='lat' dir='ltr'>r</span> <span class='ocrx_word' id='word_1_106' title='bbox 1487 2060 1577 2109; x_wconf 89' lang='lat' dir='ltr'>aeas</span> 
     </span>
    </p>

    <p class='ocr_par' dir='ltr' id='par_1_8' title="bbox 358 2087 1591 2408">
     <span class='ocr_line' id='line_1_16' title="bbox 358 2087 1432 2241; baseline -0.004 -41"><span class='ocrx_word' id='word_1_107' title='bbox 358 2093 389 2157; x_wconf 60' lang='lat'>2&#39;</span> <span class='ocrx_word' id='word_1_108' title='bbox 414 2087 569 2241; x_wconf 46' lang='grc' dir='ltr'>ῧὲξξὲἓξ</span> <span class='ocrx_word' id='word_1_109' title='bbox 583 2090 791 2239; x_wconf 35' lang='lat' dir='ltr'>{mnam</span> <span class='ocrx_word' id='word_1_110' title='bbox 804 2088 874 2170; x_wconf 55' lang='grc' dir='ltr'>Μ’</span> <span class='ocrx_word' id='word_1_111' title='bbox 1086 2130 1211 2198; x_wconf 86' lang='lat' dir='ltr'>Meutes</span> <span class='ocrx_word' id='word_1_112' title='bbox 1224 2129 1432 2197; x_wconf 87' lang='lat' dir='ltr'>intuentium:</span> 
     </span>
     <span class='ocr_line' id='line_1_17' title="bbox 414 2192 1591 2323; baseline -0.006 -40"><span class='ocrx_word' id='word_1_113' title='bbox 414 2256 459 2322; x_wconf 65' lang='lat' dir='ltr'>ca</span> <span class='ocrx_word' id='word_1_114' title='bbox 482 2260 527 2323; x_wconf 58' lang='lat' dir='ltr'>tic</span> <span class='ocrx_word' id='word_1_115' title='bbox 569 2223 617 2322; x_wconf 77' lang='lat' dir='ltr'>’h</span> <span class='ocrx_word' id='word_1_116' title='bbox 643 2257 650 2270; x_wconf 89' lang='lat'><strong>·</strong></span> <span class='ocrx_word' id='word_1_117' title='bbox 676 2274 691 2322; x_wconf 67' lang='lat' dir='ltr'>s</span> <span class='ocrx_word' id='word_1_118' title='bbox 707 2192 775 2321; x_wconf 44' lang='grc' dir='ltr'>ἕω)</span> <span class='ocrx_word' id='word_1_119' title='bbox 1086 2215 1166 2282; x_wconf 87' lang='lat' dir='ltr'>Cum</span> <span class='ocrx_word' id='word_1_120' title='bbox 1181 2221 1316 2280; x_wconf 88' lang='lat' dir='ltr'>naturae</span> <span class='ocrx_word' id='word_1_121' title='bbox 1332 2212 1463 2280; x_wconf 89' lang='lat' dir='ltr'>vincunt</span> <span class='ocrx_word' id='word_1_122' title='bbox 1477 2215 1591 2290; x_wconf 88' lang='lat' dir='ltr'>metas,</span> 
     </span>
     <span class='ocr_line' id='line_1_18' title="bbox 413 2275 1587 2408; baseline -0.007 -40"><span class='ocrx_word' id='word_1_123' title='bbox 413 2275 771 2408; x_wconf 48' lang='lat' dir='ltr'>thaugssmfflriffl</span> <span class='ocrx_word' id='word_1_124' title='bbox 1087 2301 1279 2366; x_wconf 84' lang='lat' dir='ltr'>Constantes</span> <span class='ocrx_word' id='word_1_125' title='bbox 1294 2303 1424 2364; x_wconf 90' lang='lat' dir='ltr'>servant</span> <span class='ocrx_word' id='word_1_126' title='bbox 1438 2295 1587 2374; x_wconf 90' lang='lat' dir='ltr'>athletas,</span> 
     </span>
    </p>
   </div>
   <div class='ocr_carea' id='block_1_6' title="bbox 413 2381 1477 2593">
    <p class='ocr_par' dir='ltr' id='par_1_9' title="bbox 413 2381 1540 2593">
     <span class='ocr_line' id='line_1_19' title="bbox 725 2381 1477 2457; baseline -0.027 7"><span class='ocrx_word' id='word_1_127' title='bbox 725 2426 731 2440; x_wconf 95' lang='lat'><strong>·</strong></span> <span class='ocrx_word' id='word_1_128' title='bbox 769 2426 776 2439; x_wconf 93' lang='lat'><strong>·</strong></span> <span class='ocrx_word' id='word_1_129' title='bbox 833 2426 840 2440; x_wconf 95' lang='lat'><strong>·</strong></span> <span class='ocrx_word' id='word_1_130' title='bbox 890 2452 893 2457; x_wconf 93' lang='lat'>.</span> <span class='ocrx_word' id='word_1_131' title='bbox 1086 2383 1315 2452; x_wconf 77' lang='lat' dir='ltr'>Admortissu</span> <span class='ocrx_word' id='word_1_132' title='bbox 1359 2381 1477 2446; x_wconf 91' lang='lat' dir='ltr'>licium.</span> 
     </span>
     <span class='ocr_line' id='line_1_20' title="bbox 413 2401 1432 2593; baseline -0.019 -16"><span class='ocrx_word' id='word_1_133' title='bbox 413 2425 893 2593; x_wconf 70' lang='lat' dir='ltr'>occurrissemus,</span> <span class='ocrx_word' id='word_1_134' title='bbox 1031 2467 1060 2530; x_wconf 57' lang='grc' dir='ltr'>ε·</span> <span class='ocrx_word' id='word_1_135' title='bbox 1308 2401 1432 2548; x_wconf 71' lang='lat' dir='ltr'>llo</span> 
     </span>
    </p>
   </div>
   <div class='ocr_carea' id='block_1_7' title="bbox 414 2546 1605 2677">
    <p class='ocr_par' dir='ltr' id='par_1_10' title="bbox 414 2546 1605 2677">
     <span class='ocr_line' id='line_1_21' title="bbox 414 2546 1605 2677; baseline -0.029 -14"><span class='ocrx_word' id='word_1_136' title='bbox 414 2591 478 2663; x_wconf 83' lang='lat' dir='ltr'>Sed</span> <span class='ocrx_word' id='word_1_137' title='bbox 493 2594 522 2660; x_wconf 92' lang='lat' dir='ltr'>si</span> <span class='ocrx_word' id='word_1_138' title='bbox 536 2594 693 2660; x_wconf 87' lang='lat' dir='ltr'>rationem</span> <span class='ocrx_word' id='word_1_139' title='bbox 708 2595 846 2677; x_wconf 87' lang='lat' dir='ltr'>quaeris,</span> <span class='ocrx_word' id='word_1_140' title='bbox 1086 2551 1251 2630; x_wconf 61' lang='lat' dir='ltr'>Quaeiaffl</span> <span class='ocrx_word' id='word_1_141' title='bbox 1268 2546 1605 2632; x_wconf 61' lang='lat' dir='ltr'>⁰¹¹¹¹¹Vi⁰tfi⁰0lalma</span> 
     </span>
    </p>
   </div>
   <div class='ocr_carea' id='block_1_8' title="bbox 412 2633 1491 2805">
    <p class='ocr_par' dir='ltr' id='par_1_11' title="bbox 412 2633 1491 2805">
     <span class='ocr_line' id='line_1_22' title="bbox 412 2633 1491 2805; baseline -0.009 -61"><span class='ocrx_word' id='word_1_142' title='bbox 412 2676 653 2745; x_wconf 81' lang='lat' dir='ltr'>FitenOhristi</span> <span class='ocrx_word' id='word_1_143' title='bbox 670 2679 784 2761; x_wconf 84' lang='lat' dir='ltr'>gratia.</span> <span class='ocrx_word' id='word_1_144' title='bbox 1087 2633 1491 2805; x_wconf 42' lang='grc' dir='ltr'>ἶὲῗέῗέἓὲῃῖθέῧῗέὦ,</span> 
     </span>
    </p>
   </div>
   <div class='ocr_carea' id='block_1_9' title="bbox 359 2801 1570 3476">
    <p class='ocr_par' dir='ltr' id='par_1_12' title="bbox 359 2801 1570 3476">
     <span class='ocr_line' id='line_1_23' title="bbox 359 2801 1477 2887; baseline -0.003 -15"><span class='ocrx_word' id='word_1_145' title='bbox 359 2810 389 2872; x_wconf 81' lang='grc'>3.</span> <span class='ocrx_word' id='word_1_146' title='bbox 416 2803 466 2870; x_wconf 81' lang='lat' dir='ltr'>Ab</span> <span class='ocrx_word' id='word_1_147' title='bbox 483 2803 574 2870; x_wconf 90' lang='lat' dir='ltr'>annis</span> <span class='ocrx_word' id='word_1_148' title='bbox 590 2801 745 2870; x_wconf 83' lang='lat' dir='ltr'>infantiae</span> <span class='ocrx_word' id='word_1_149' title='bbox 1087 2806 1132 2873; x_wconf 85' lang='lat' dir='ltr'>Et</span> <span class='ocrx_word' id='word_1_150' title='bbox 1148 2807 1188 2872; x_wconf 82' lang='lat' dir='ltr'>ab</span> <span class='ocrx_word' id='word_1_151' title='bbox 1203 2823 1287 2887; x_wconf 86' lang='lat' dir='ltr'>agno</span> <span class='ocrx_word' id='word_1_152' title='bbox 1303 2803 1477 2877; x_wconf 81' lang='lat' dir='ltr'>coronaris.</span> 
     </span>
     <span class='ocr_line' id='line_1_24' title="bbox 413 2885 1399 2974; baseline -0.001 -20"><span class='ocrx_word' id='word_1_153' title='bbox 413 2885 530 2954; x_wconf 86' lang='lat' dir='ltr'>Studet</span> <span class='ocrx_word' id='word_1_154' title='bbox 543 2887 755 2969; x_wconf 89' lang='lat' dir='ltr'>innocentiae,</span> <span class='ocrx_word' id='word_1_155' title='bbox 1088 2890 1212 2974; x_wconf 84' lang='lat' dir='ltr'>Sponsa</span> <span class='ocrx_word' id='word_1_156' title='bbox 1225 2909 1261 2956; x_wconf 90' lang='lat' dir='ltr'>es</span> <span class='ocrx_word' id='word_1_157' title='bbox 1277 2895 1310 2957; x_wconf 88' lang='lat' dir='ltr'>et</span> <span class='ocrx_word' id='word_1_158' title='bbox 1324 2887 1399 2954; x_wconf 89' lang='lat' dir='ltr'>filia.</span> 
     </span>
     <span class='ocr_line' id='line_1_25' title="bbox 414 2970 1503 3057; baseline -0.002 -20"><span class='ocrx_word' id='word_1_159' title='bbox 414 2970 561 3037; x_wconf 81' lang='lat' dir='ltr'>Castrum</span> <span class='ocrx_word' id='word_1_160' title='bbox 576 2973 751 3056; x_wconf 85' lang='lat' dir='ltr'>pudicitiae</span> <span class='ocrx_word' id='word_1_161' title='bbox 1032 2972 1061 3033; x_wconf 80' lang='grc'>7.</span> <span class='ocrx_word' id='word_1_162' title='bbox 1088 2974 1173 3042; x_wconf 84' lang='lat' dir='ltr'>Audi</span> <span class='ocrx_word' id='word_1_163' title='bbox 1189 2991 1308 3057; x_wconf 86' lang='lat' dir='ltr'>preces,</span> <span class='ocrx_word' id='word_1_164' title='bbox 1325 2973 1398 3039; x_wconf 86' lang='lat' dir='ltr'>ride</span> <span class='ocrx_word' id='word_1_165' title='bbox 1411 2976 1503 3050; x_wconf 87' lang='lat' dir='ltr'>rota,</span> 
     </span>
     <span class='ocr_line' id='line_1_26' title="bbox 413 3055 1505 3135; baseline -0.005 -11"><span class='ocrx_word' id='word_1_166' title='bbox 413 3055 551 3124; x_wconf 87' lang='lat' dir='ltr'>Servuns</span> <span class='ocrx_word' id='word_1_167' title='bbox 567 3057 744 3124; x_wconf 90' lang='lat' dir='ltr'>illibatum:</span> <span class='ocrx_word' id='word_1_168' title='bbox 1088 3058 1177 3135; x_wconf 86' lang='lat' dir='ltr'>Quae</span> <span class='ocrx_word' id='word_1_169' title='bbox 1191 3059 1251 3124; x_wconf 87' lang='lat' dir='ltr'>tibi</span> <span class='ocrx_word' id='word_1_170' title='bbox 1266 3063 1372 3123; x_wconf 91' lang='lat' dir='ltr'>mente</span> <span class='ocrx_word' id='word_1_171' title='bbox 1387 3055 1505 3121; x_wconf 89' lang='lat' dir='ltr'>devota</span> 
     </span>
     <span class='ocr_line' id='line_1_27' title="bbox 415 3139 1461 3222; baseline -0.002 -17"><span class='ocrx_word' id='word_1_172' title='bbox 415 3139 482 3222; x_wconf 85' lang='lat' dir='ltr'>Ipsi</span> <span class='ocrx_word' id='word_1_173' title='bbox 497 3145 587 3206; x_wconf 90' lang='lat' dir='ltr'>stans</span> <span class='ocrx_word' id='word_1_174' title='bbox 603 3142 636 3207; x_wconf 90' lang='lat' dir='ltr'>in</span> <span class='ocrx_word' id='word_1_175' title='bbox 651 3141 720 3207; x_wconf 88' lang='lat' dir='ltr'>acie</span> <span class='ocrx_word' id='word_1_176' title='bbox 1088 3143 1184 3209; x_wconf 88' lang='lat' dir='ltr'>Plebs</span> <span class='ocrx_word' id='word_1_177' title='bbox 1199 3140 1291 3209; x_wconf 81' lang='lat' dir='ltr'>offert</span> <span class='ocrx_word' id='word_1_178' title='bbox 1304 3139 1461 3206; x_wconf 87' lang='lat' dir='ltr'>fidelium:</span> 
     </span>
     <span class='ocr_line' id='line_1_28' title="bbox 415 3222 1564 3309; baseline -0.003 -20"><span class='ocrx_word' id='word_1_179' title='bbox 415 3222 543 3306; x_wconf 83' lang='lat' dir='ltr'>Pugnat</span> <span class='ocrx_word' id='word_1_180' title='bbox 556 3226 661 3292; x_wconf 91' lang='lat' dir='ltr'>verbis</span> <span class='ocrx_word' id='word_1_181' title='bbox 676 3225 811 3308; x_wconf 80' lang='lat' dir='ltr'>gratiae,</span> <span class='ocrx_word' id='word_1_182' title='bbox 1089 3227 1133 3293; x_wconf 88' lang='lat' dir='ltr'>Et</span> <span class='ocrx_word' id='word_1_183' title='bbox 1147 3233 1219 3309; x_wconf 86' lang='lat' dir='ltr'>post</span> <span class='ocrx_word' id='word_1_184' title='bbox 1233 3226 1328 3290; x_wconf 92' lang='lat' dir='ltr'>huius</span> <span class='ocrx_word' id='word_1_185' title='bbox 1343 3224 1429 3289; x_wconf 86' lang='lat' dir='ltr'>vitae</span> <span class='ocrx_word' id='word_1_186' title='bbox 1443 3227 1564 3288; x_wconf 91' lang='lat' dir='ltr'>statum</span> 
     </span>
     <span class='ocr_line' id='line_1_29' title="bbox 415 3306 1570 3395; baseline -0.003 -21"><span class='ocrx_word' id='word_1_187' title='bbox 415 3306 598 3391; x_wconf 84' lang='lat' dir='ltr'>Tyrannum</span> <span class='ocrx_word' id='word_1_188' title='bbox 612 3311 777 3395; x_wconf 86' lang='lat' dir='ltr'>potentiae</span> <span class='ocrx_word' id='word_1_189' title='bbox 1090 3312 1158 3377; x_wconf 85' lang='lat' dir='ltr'>Duc</span> <span class='ocrx_word' id='word_1_190' title='bbox 1174 3328 1231 3377; x_wconf 93' lang='lat' dir='ltr'>nos</span> <span class='ocrx_word' id='word_1_191' title='bbox 1248 3316 1352 3373; x_wconf 90' lang='lat' dir='ltr'>tecum</span> <span class='ocrx_word' id='word_1_192' title='bbox 1368 3306 1409 3373; x_wconf 88' lang='lat' dir='ltr'>ad</span> <span class='ocrx_word' id='word_1_193' title='bbox 1425 3313 1570 3391; x_wconf 87' lang='lat' dir='ltr'>optatum</span> 
     </span>
     <span class='ocr_line' id='line_1_30' title="bbox 415 3391 1499 3476; baseline -0.004 -17"><span class='ocrx_word' id='word_1_194' title='bbox 415 3391 575 3476; x_wconf 84' lang='lat' dir='ltr'>Spernens</span> <span class='ocrx_word' id='word_1_195' title='bbox 590 3394 798 3462; x_wconf 90' lang='lat' dir='ltr'>dominatum.</span> <span class='ocrx_word' id='word_1_196' title='bbox 1091 3394 1279 3462; x_wconf 86' lang='lat' dir='ltr'>Sanctorum</span> <span class='ocrx_word' id='word_1_197' title='bbox 1295 3392 1499 3458; x_wconf 87' lang='lat' dir='ltr'>consortium.</span> 
     </span>
    </p>
   </div>
   <div class='ocr_carea' id='block_1_10' title="bbox 357 3495 1661 3644">
    <p class='ocr_par' dir='ltr' id='par_1_13' title="bbox 357 3495 1661 3644">
     <span class='ocr_line' id='line_1_31' title="bbox 357 3495 1661 3644; baseline -0.014 -76"><span class='ocrx_word' id='word_1_198' title='bbox 357 3588 385 3644; x_wconf 51' lang='grc' dir='ltr'>μ</span> <span class='ocrx_word' id='word_1_199' title='bbox 404 3499 521 3632; x_wconf 51' lang='lat' dir='ltr'>agini.</span> <span class='ocrx_word' id='word_1_200' title='bbox 556 3502 658 3561; x_wconf 77' lang='lat' dir='ltr'>Daniel</span> <span class='ocrx_word' id='word_1_201' title='bbox 676 3501 711 3575; x_wconf 77' lang='lat' dir='ltr'>V,</span> <span class='ocrx_word' id='word_1_202' title='bbox 729 3506 783 3562; x_wconf 78' lang='lat'>230</span> <span class='ocrx_word' id='word_1_203' title='bbox 801 3519 836 3562; x_wconf 84' lang='lat' dir='ltr'>ex</span> <span class='ocrx_word' id='word_1_204' title='bbox 854 3502 934 3560; x_wconf 81' lang='lat' dir='ltr'>Mirr.</span> <span class='ocrx_word' id='word_1_205' title='bbox 952 3501 1110 3562; x_wconf 81' lang='lat' dir='ltr'>Hafuienri.</span> <span class='ocrx_word' id='word_1_206' title='bbox 1127 3502 1348 3573; x_wconf 76' lang='lat' dir='ltr'>Eccleriologist.</span> <span class='ocrx_word' id='word_1_207' title='bbox 1367 3499 1477 3559; x_wconf 79' lang='lat' dir='ltr'>xcvlu</span> <span class='ocrx_word' id='word_1_208' title='bbox 1494 3498 1567 3567; x_wconf 70' lang='lat' dir='ltr'>nug.</span> <span class='ocrx_word' id='word_1_209' title='bbox 1583 3495 1661 3552; x_wconf 71' lang='lat'><strong>186⁸.</strong></span> 
     </span>
    </p>
   </div>
   <div class='ocr_carea' id='block_1_11' title="bbox 907 3743 1107 3762">
    <p class='ocr_par' dir='ltr' id='par_1_14' title="bbox 907 3743 1107 3762">
     <span class='ocr_line' id='line_1_32' title="bbox 907 3743 1107 3762; baseline 0 0"><span class='ocrx_word' id='word_1_210' title='bbox 907 3743 1107 3762; x_wconf 57' lang='lat' dir='ltr'>-tb-a</span> 
     </span>
    </p>
   </div>
   <div class='ocr_carea' id='block_1_12' title="bbox 732 3888 1293 3980">
    <p class='ocr_par' dir='ltr' id='par_1_15' title="bbox 732 3888 1293 3980">
     <span class='ocr_line' id='line_1_33' title="bbox 732 3888 1293 3980; baseline 0 -23"><span class='ocrx_word' id='word_1_211' title='bbox 732 3893 803 3960; x_wconf 75' lang='lat'><strong>762.</strong></span> <span class='ocrx_word' id='word_1_212' title='bbox 846 3889 890 3960; x_wconf 80' lang='lat' dir='ltr'>Iu</span> <span class='ocrx_word' id='word_1_213' title='bbox 901 3892 1083 3980; x_wconf 76' lang='lat' dir='ltr'>festivitate</span> <span class='ocrx_word' id='word_1_214' title='bbox 1102 3911 1129 3958; x_wconf 88' lang='lat' dir='ltr'>s.</span> <span class='ocrx_word' id='word_1_215' title='bbox 1150 3888 1293 3976; x_wconf 67' lang='lat' dir='ltr'>Aureus.</span> 
     </span>
    </p>
   </div>
   <div class='ocr_carea' id='block_1_13' title="bbox 361 4023 1512 5038">
    <p class='ocr_par' dir='ltr' id='par_1_16' title="bbox 361 4023 1512 4694">
     <span class='ocr_line' id='line_1_34' title="bbox 361 4023 1512 4108; baseline -0.004 -13"><span class='ocrx_word' id='word_1_216' title='bbox 361 4033 391 4095; x_wconf 86' lang='lat'>1.</span> <span class='ocrx_word' id='word_1_217' title='bbox 415 4023 550 4106; x_wconf 77' lang='lat' dir='ltr'>Agnetis</span> <span class='ocrx_word' id='word_1_218' title='bbox 563 4024 707 4092; x_wconf 90' lang='lat' dir='ltr'>solennio</span> <span class='ocrx_word' id='word_1_219' title='bbox 1091 4026 1191 4108; x_wconf 82' lang='lat' dir='ltr'>Virgo</span> <span class='ocrx_word' id='word_1_220' title='bbox 1206 4023 1356 4108; x_wconf 87' lang='lat' dir='ltr'>prudens,</span> <span class='ocrx_word' id='word_1_221' title='bbox 1372 4023 1512 4103; x_wconf 90' lang='lat' dir='ltr'>humilis,</span> 
     </span>
     <span class='ocr_line' id='line_1_35' title="bbox 413 4107 1410 4192; baseline -0.002 -16"><span class='ocrx_word' id='word_1_222' title='bbox 413 4108 538 4176; x_wconf 85' lang='lat' dir='ltr'>Psallat</span> <span class='ocrx_word' id='word_1_223' title='bbox 552 4126 624 4175; x_wconf 89' lang='lat' dir='ltr'>curn</span> <span class='ocrx_word' id='word_1_224' title='bbox 640 4108 781 4192; x_wconf 88' lang='lat' dir='ltr'>tripudio</span> <span class='ocrx_word' id='word_1_225' title='bbox 1089 4109 1211 4177; x_wconf 85' lang='lat' dir='ltr'>Fidelis</span> <span class='ocrx_word' id='word_1_226' title='bbox 1226 4117 1259 4176; x_wconf 88' lang='lat' dir='ltr'>et</span> <span class='ocrx_word' id='word_1_227' title='bbox 1275 4107 1410 4186; x_wconf 89' lang='lat' dir='ltr'>stabilis,</span> 
     </span>
     <span class='ocr_line' id='line_1_36' title="bbox 414 4192 1420 4275; baseline 0 -16"><span class='ocrx_word' id='word_1_228' title='bbox 414 4193 592 4275; x_wconf 77' lang='lat' dir='ltr'>virginalis</span> <span class='ocrx_word' id='word_1_229' title='bbox 606 4195 716 4261; x_wconf 91' lang='lat' dir='ltr'>concio</span> <span class='ocrx_word' id='word_1_230' title='bbox 1090 4197 1127 4262; x_wconf 89' lang='lat' dir='ltr'>lu</span> <span class='ocrx_word' id='word_1_231' title='bbox 1142 4193 1247 4259; x_wconf 91' lang='lat' dir='ltr'>verbis</span> <span class='ocrx_word' id='word_1_232' title='bbox 1262 4192 1420 4260; x_wconf 89' lang='lat' dir='ltr'>mirabilis</span> 
     </span>
     <span class='ocr_line' id='line_1_37' title="bbox 415 4276 1319 4358; baseline -0.004 -13"><span class='ocrx_word' id='word_1_233' title='bbox 415 4277 496 4345; x_wconf 83' lang='lat' dir='ltr'>Niso</span> <span class='ocrx_word' id='word_1_234' title='bbox 511 4282 597 4343; x_wconf 87' lang='lat' dir='ltr'>toto:</span> <span class='ocrx_word' id='word_1_235' title='bbox 1089 4277 1133 4344; x_wconf 88' lang='lat' dir='ltr'>Et</span> <span class='ocrx_word' id='word_1_236' title='bbox 1150 4276 1319 4358; x_wconf 85' lang='lat' dir='ltr'>profunda.</span> 
     </span>
     <span class='ocr_line' id='line_1_38' title="bbox 414 4359 1463 4446; baseline -0.004 -17"><span class='ocrx_word' id='word_1_237' title='bbox 414 4362 452 4430; x_wconf 92' lang='lat' dir='ltr'>ln</span> <span class='ocrx_word' id='word_1_238' title='bbox 468 4363 535 4427; x_wconf 89' lang='lat' dir='ltr'>eius</span> <span class='ocrx_word' id='word_1_239' title='bbox 551 4361 706 4444; x_wconf 84' lang='lat' dir='ltr'>martyrio</span> <span class='ocrx_word' id='word_1_240' title='bbox 1035 4367 1064 4429; x_wconf 83' lang='grc'>3.</span> <span class='ocrx_word' id='word_1_241' title='bbox 1090 4363 1216 4446; x_wconf 86' lang='lat' dir='ltr'>Sponsa</span> <span class='ocrx_word' id='word_1_242' title='bbox 1230 4362 1316 4442; x_wconf 81' lang='lat' dir='ltr'>regis</span> <span class='ocrx_word' id='word_1_243' title='bbox 1331 4359 1463 4442; x_wconf 77' lang='lat' dir='ltr'>gloriae,</span> 
     </span>
     <span class='ocr_line' id='line_1_39' title="bbox 416 4444 1462 4530; baseline -0.003 -16"><span class='ocrx_word' id='word_1_244' title='bbox 416 4446 624 4529; x_wconf 81' lang='lat' dir='ltr'>Respondens</span> <span class='ocrx_word' id='word_1_245' title='bbox 639 4462 711 4512; x_wconf 89' lang='lat' dir='ltr'>cnm</span> <span class='ocrx_word' id='word_1_246' title='bbox 726 4446 845 4530; x_wconf 79' lang='lat' dir='ltr'>gaudio</span> <span class='ocrx_word' id='word_1_247' title='bbox 969 4449 974 4460; x_wconf 91' lang='grc'><em>“</em></span> <span class='ocrx_word' id='word_1_248' title='bbox 1089 4445 1291 4528; x_wconf 82' lang='lat' dir='ltr'>Tupalmaur</span> <span class='ocrx_word' id='word_1_249' title='bbox 1308 4444 1462 4511; x_wconf 82' lang='lat' dir='ltr'>victoriae</span> 
     </span>
     <span class='ocr_line' id='line_1_40' title="bbox 417 4527 1405 4598; baseline -0.002 -2"><span class='ocrx_word' id='word_1_250' title='bbox 417 4529 535 4597; x_wconf 82' lang='lat' dir='ltr'>Grates</span> <span class='ocrx_word' id='word_1_251' title='bbox 550 4530 611 4597; x_wconf 90' lang='lat' dir='ltr'>Del</span> <span class='ocrx_word' id='word_1_252' title='bbox 624 4527 691 4598; x_wconf 85' lang='lat' dir='ltr'>filio</span> <span class='ocrx_word' id='word_1_253' title='bbox 1089 4532 1126 4597; x_wconf 93' lang='lat' dir='ltr'>In</span> <span class='ocrx_word' id='word_1_254' title='bbox 1142 4532 1234 4596; x_wconf 86' lang='lat' dir='ltr'>annis</span> <span class='ocrx_word' id='word_1_255' title='bbox 1251 4529 1405 4595; x_wconf 83' lang='lat' dir='ltr'>infantiae</span> 
     </span>
     <span class='ocr_line' id='line_1_41' title="bbox 416 4612 1255 4694; baseline -0.002 -14"><span class='ocrx_word' id='word_1_256' title='bbox 416 4612 513 4694; x_wconf 80' lang='lat' dir='ltr'>Voce,</span> <span class='ocrx_word' id='word_1_257' title='bbox 528 4623 614 4682; x_wconf 84' lang='lat' dir='ltr'>uoto.</span> <span class='ocrx_word' id='word_1_258' title='bbox 1090 4614 1255 4682; x_wconf 85' lang='lat' dir='ltr'>Meruisti:</span> 
     </span>
    </p>

    <p class='ocr_par' dir='ltr' id='par_1_17' title="bbox 362 4696 1492 5038">
     <span class='ocr_line' id='line_1_42' title="bbox 362 4696 1492 4782; baseline -0.003 -16"><span class='ocrx_word' id='word_1_259' title='bbox 362 4703 392 4766; x_wconf 77' lang='lat'>2.</span> <span class='ocrx_word' id='word_1_260' title='bbox 418 4698 775 4782; x_wconf 78' lang='lat' dir='ltr'>Agnesrirgonobilis,</span> <span class='ocrx_word' id='word_1_261' title='bbox 1089 4696 1492 4780; x_wconf 82' lang='lat' dir='ltr'>Nuncguudesinrequie</span> 
     </span>
     <span class='ocr_line' id='line_1_43' title="bbox 416 4779 1434 4866; baseline -0.005 -15"><span class='ocrx_word' id='word_1_262' title='bbox 416 4783 734 4866; x_wconf 81' lang='lat' dir='ltr'>Virgorenerabilis,</span> <span class='ocrx_word' id='word_1_263' title='bbox 1090 4779 1434 4848; x_wconf 84' lang='lat' dir='ltr'>Permanentiscuriae</span> 
     </span>
     <span class='ocr_line' id='line_1_44' title="bbox 415 4863 1401 4952; baseline -0.004 -18"><span class='ocrx_word' id='word_1_264' title='bbox 415 4865 528 4934; x_wconf 85' lang='lat' dir='ltr'>Dulcis</span> <span class='ocrx_word' id='word_1_265' title='bbox 543 4872 577 4934; x_wconf 91' lang='lat' dir='ltr'>et</span> <span class='ocrx_word' id='word_1_266' title='bbox 590 4869 749 4952; x_wconf 84' lang='lat' dir='ltr'>amabilis,</span> <span class='ocrx_word' id='word_1_267' title='bbox 1091 4864 1204 4933; x_wconf 77' lang='lat' dir='ltr'>(loram</span> <span class='ocrx_word' id='word_1_268' title='bbox 1220 4865 1304 4930; x_wconf 90' lang='lat' dir='ltr'>dulci</span> <span class='ocrx_word' id='word_1_269' title='bbox 1319 4863 1401 4931; x_wconf 86' lang='lat' dir='ltr'>facie</span> 
     </span>
     <span class='ocr_line' id='line_1_45' title="bbox 416 4947 1312 5038; baseline -0.006 -18"><span class='ocrx_word' id='word_1_270' title='bbox 416 4947 517 5038; x_wconf 72' lang='lat' dir='ltr'>virgo</span> <span class='ocrx_word' id='word_1_271' title='bbox 531 4950 669 5022; x_wconf 82' lang='lat' dir='ltr'>munda:</span> <span class='ocrx_word' id='word_1_272' title='bbox 1091 4952 1167 5020; x_wconf 88' lang='lat' dir='ltr'>lesu</span> <span class='ocrx_word' id='word_1_273' title='bbox 1182 4949 1312 5018; x_wconf 86' lang='lat' dir='ltr'>Christi.</span> 
     </span>
    </p>
   </div>
   <div class='ocr_carea' id='block_1_14' title="bbox 1393 5049 1466 5119">
    <p class='ocr_par' dir='ltr' id='par_1_18' title="bbox 1393 5049 1466 5119">
     <span class='ocr_line' id='line_1_46' title="bbox 1393 5049 1466 5119; baseline 0 0"><span class='ocrx_word' id='word_1_274' title='bbox 1393 5049 1466 5119; x_wconf 77' lang='grc'>33*</span> 
     </span>
    </p>
   </div>
   <div class='ocr_carea' id='block_1_15' title="bbox 0 0 2000 5800">
    <p class='ocr_par' dir='ltr' id='par_1_19' title="bbox 0 0 2000 5800">
     <span class='ocr_line' id='line_1_47' title="bbox 0 0 2000 5800; baseline 0 0"><span class='ocrx_word' id='word_1_275' title='bbox 0 0 2000 5800; x_wconf 95' lang='lat' dir='ltr'> </span> 
     </span>
    </p>
   </div>
  </div>
 </body>
</html>
