3975 5800
875 567 1021 631 -435
1064 598 1107 610 -

343 755 372 815 3.
402 747 464 813 Hie
477 749 546 814 Deo
561 746 697 813 dilectus
1017 752 1046 811 4.
1073 746 1165 812 Nune
1179 764 1256 828 ergo
1270 745 1361 827 plebs
1376 763 1448 812 eum
1463 747 1549 813 clero

399 832 511 897 Presul
527 830 632 897 clarus
647 836 680 897 et
694 836 802 896 rectus
1073 829 1177 896 Corde
1192 828 1318 911 flagitet
1332 830 1465 909 siucero,

400 917 565 981 Virtutum
580 913 658 981 flore
673 913 809 980 florebat
1074 913 1119 979 Ut
1134 933 1330 995 conregnare
1344 920 1442 995 queat
1455 914 1612 998 Ludgero.

399 1000 442 1065 Et
457 1001 621 1080 signorum
641 999 712 1064 luce
728 998 960 1082 praefulgebat.
1075 999 1315 1078 OLudgeretu
1331 999 1464 1081 dignare

399 1085 579 1148 Daemones
594 1081 727 1165 fugavit,
1074 1081 1237 1147 Christum
1252 1100 1392 1161 exorare,

400 1168 497 1232 Cecos
511 1168 582 1231 visu
598 1166 707 1233 beavit
1074 1164 1120 1230 Ut
1135 1171 1258 1249 prestet
1272 1165 1364 1232 nobis
1378 1171 1484 1232 tecum
1497 1184 1643 1247 regnare.

400 1252 444 1316 Et
458 1250 589 1316 claudos
605 1269 717 1333 gressu
732 1250 864 1314 donavit

401 1336 444 1401 Et
457 1341 600 1401 44444444
615 1337 683 1401 vita
696 1332 892 1400 reformavit.

413 1442 508 1499 Teat.
544 1444 662 1501 Bartsch
681 1442 709 1499 S.
728 1446 782 1496 172
800 1458 853 1499 444
872 1442 932 1497 dem
950 1441 1090 1498 Graduale
1109 1443 1333 1499 Monaaterienae
1351 1441 1371 1497 4
1390 1445 1451 1498 236.

588 1777 658 1838 640.
702 1771 753 1838 De
773 1792 799 1836 s.
821 1771 982 1838 Ladooa‘oo
1006 1771 1071 1837 IX.
1092 1771 1296 1837 Frouoorum
1317 1792 1396 1854 4494.

342 1886 1188 2028 ((141).44425.444111215,14444122Ι16ι42454Ιέερίῖναηρ,
1215 1889 1294 1943 etarb
1321 1892 1364 1943 25.
1385 1888 1458 1958 Anu,
1478 1893 1557 1957 1270,
1586 1905 1643 1944 oer-

880 1976 929 2014 ar
997 2000 1003 2014 .
1051 1977 1095 2030 49.

726 2067 842 2133 (Auctor
861 2073 905 2121 444
923 2066 1013 2122 Adam
1032 2067 1065 2122 (le
1084 2068 1110 2122 S.
1130 2065 1263 2136 Victore.)

346 2189 372 2249 1.
400 2179 610 2244 Laetaburula
1019 2187 1048 2245 4.
1075 2179 1159 2245 Coeli
1176 2198 1231 2243 rex
1246 2179 1375 2245 delicias

399 2262 522 2328 Psallat
536 2263 627 2344 plebs
642 2280 714 2327 cum
730 2269 836 2329 mente
852 2265 971 2330 muuda
1073 2262 1293 2329 Filloiumilias

401 2346 585 2411 Christiana
1073 2347 1278 2414 Reservavit:

400 2431 503 2497 Deum
518 2447 606 2494 more
1074 2431 1227 2497 Invitavit
1241 2430 1339 2496 filium

402 2514 571 2581 Collaudet
586 2533 664 2595 gens
678 2514 764 2579 laeto
780 2533 834 2581 oro
1073 2517 1171 2581 Pater
1186 2515 1227 2579 ad
1243 2514 1431 2591 convivium,

402 2597 576 2664 Gallicana.
1074 2601 1173 2678 Quem
1189 2598 1317 2663 amavit.

1019 2691 1047 2749 5.
1072 2684 1261 2764 Fulgentem
1275 2683 1308 2747 in
1323 2681 1435 2747 habitu

344 2772 374 2830 2.
403 2765 463 2842 Qui
479 2768 553 2847 post
566 2782 699 2845 regnum
715 2768 812 2832 labile
1074 2771 1102 2833 A
1119 2769 1279 2832 coelorum
1293 2766 1416 2831 ambitu

402 2850 450 2914 Ad
468 2848 700 2916 inaestimabile
1076 2852 1154 2917 Cum
1169 2853 1295 2917 ruboris
1309 2851 1396 2917 exitu

368 2981 375 2992 .
401 2934 591 2998 sublimavit
1074 2938 1146 3001 Non
1161 2936 1308 3017 proiecit:

400 3017 552 3083 Ludorici
568 3017 683 3083 solium
1076 3020 1176 3097 Quem
1193 3026 1340 3085 sanetum
1354 3017 1517 3082 miraculis

401 3101 591 3182 Turmisque
605 3101 794 3167 laetantium
1075 3104 1202 3168 Crebris
1217 3105 1249 3167 iu
1264 3102 1409 3167 articulis
1501 3148 1504 3152 -

400 3186 548 3251 Sociarit.
1077 3187 1239 3252 Proiectis
1255 3191 1288 3251 ot
1306 3184 1447 3267 parvulis

1075 3271 1243 3336 Patefecit.

345 3357 375 3416 3.
400 3352 461 3417 Hic
475 3353 551 3416 licet
565 3372 602 3417 ex
617 3354 759 3435 germine
1020 3361 1047 3419 6.
1077 3356 1114 3420 14
1130 3354 1216 3419 vitae
1232 3354 1366 3417 miserae

402 3435 527 3500 Primae
542 3444 637 3503 natue
653 3437 790 3503 feminae
1073 3439 1187 3520 Lapsis
1201 3438 1317 3502 itinere

402 3520 624 3601 Delinquentis
1074 3523 1516 3601 Ludovieerexeompatere:

402 3604 527 3685 Fugato
542 3607 722 3685 peccamine
1074 3606 1340 3672 Preceresuscita

403 3688 523 3753 Mansit
538 3689 570 3753 in
585 3689 752 3755 dulcedine
1074 3691 1161 3768 Quos
1176 3691 1262 3755 facta
1277 3692 1427 3770 premunt
1441 3687 1554 3753 illicita

401 3770 476 3836 Piae
495 3774 621 3838 mentis.
1073 3775 1214 3841 Faveute
1228 3774 1295 3839 Deo
1311 3772 1437 3837 fiatita.
1470 3774 1581 3837 Amen.

417 3895 441 3933 a.
460 3879 553 3934 Text.
592 3880 670 3937 Mira.
689 3882 767 3936 fratr.
786 3882 875 3936 Paria.
896 3885 966 3937 1520
994 3883 1048 3951 (A).
1087 3884 1218 3939 Clichtor.
1237 3882 1285 3951 lv,
1304 3885 1356 3937 213
1385 3882 1438 3951 (Β).
1474 3912 1508 3924 -
1544 3880 1645 3936 Daniel

344 3949 381 4016 ll,
401 3954 435 4005 84
454 3952 504 4006 bat
522 3953 568 4008 dia
586 3959 678 4008 craten
697 3955 713 4007 3
731 3952 826 4008 Ζ41144
844 3954 915 4007 ohne
932 3954 1050 4025 Anyobe
1068 3955 1118 4009 der
1137 3954 1238 4025 Qualia.

417 4039 443 4093 b.
463 4039 645 4096 Leoorten.
686 4045 708 4111 1,
727 4046 752 4097 b.
772 4056 821 4098 ore
839 4041 914 4098 laeto
932 4043 966 4097 A.
984 4042 1101 4098 laetiore
1120 4042 1152 4097 B.
1188 4071 1223 4084 -
1259 4044 1285 4109 2,
1303 4043 1328 4096 b.
1356 4040 1524 4097 Ludovloum
1542 4040 1573 4094 B.
1610 4069 1644 4081 -

345 4113 372 4177 5,
391 4113 416 4165 8.
435 4110 549 4180 pudoris
567 4113 599 4167 B.

896 4258 1094 4268 *—

700 4384 770 4446 641.
815 4380 1003 4464 Infestos.
1026 4380 1180 4446 Ladooioi
1202 4380 1294 4461 44914.

349 4519 381 4577 l.
405 4512 524 4593 Regem
540 4530 651 4592 regum
666 4532 864 4595 veneremur,
1021 4521 1049 4581 2.
1076 4516 1183 4663 lfsom
1200 4511 1327 4578 Christo
1345 4508 1574 4575 conformatum

402 4597 444 4661 Et
460 4596 501 4660 de
516 4597 601 4676 regis
617 4596 791 4677 gloriemur
1074 4599 1094 4663 b
1109 4616 1226 4678 agnum
1243 4596 1319 4661 44414
1334 4600 1367 4660 44
1381 4594 1510 4659 boatum

405 4680 558 4746 Ludovici
573 4681 691 4761 gloria:
1076 4683 1241 4746 Virtutum
1258 4679 1473 4745 immensitas:

403 4764 446 4828 Et
460 4764 656 4831 Francorum
671 4766 764 4848 regni
779 4784 856 4834 cura
1075 4763 1289 4846 Longarus,
1304 4762 1503 4841 4444414444,

403 4848 576 4913 Beatorum
591 4850 682 4931 regui
696 4849 769 4917 iura
1075 4850 1150 4914 Alta
1165 4867 1248 4930 sobe,
1263 4846 1321 4913 sed
1336 4846 1532 4926 reueletur,

404 4931 553 4998 Possidet
566 4933 599 4998 in
615 4933 731 5016 patria.
1074 4931 1238 4999 Profunda
1252 4931 1424 4998 humilitas.

1377 5032 1448 5096 28*
