<?xml version="1.0" encoding="UTF-8"?>
<!DOCTYPE html PUBLIC "-//W3C//DTD XHTML 1.0 Transitional//EN"
    "http://www.w3.org/TR/xhtml1/DTD/xhtml1-transitional.dtd">
<html xmlns="http://www.w3.org/1999/xhtml" xml:lang="en" lang="en">
 <head>
  <title>
</title>
<meta http-equiv="Content-Type" content="text/html;charset=utf-8" />
  <meta name='ocr-system' content='tesseract 3.04.00' />
  <meta name='ocr-capabilities' content='ocr_page ocr_carea ocr_par ocr_line ocrx_word'/>
</head>
<body>
  <div class='ocr_page' id='page_1' title='image "./lateinischesequ00kehrgoog/lateinischesequ00kehrgoog_0205.png"; bbox 0 0 3975 5800; ppageno 0'>
   <div class='ocr_carea' id='block_1_1' title="bbox 873 613 1104 679">
    <p class='ocr_par' dir='ltr' id='par_1_1' title="bbox 873 613 1104 679">
     <span class='ocr_line' id='line_1_1' title="bbox 873 613 1104 679; baseline -0.017 0"><span class='ocrx_word' id='word_1_1' title='bbox 873 613 1104 679; x_wconf 85' lang='lat' dir='ltr'>—1ss-</span> 
     </span>
    </p>
   </div>
   <div class='ocr_carea' id='block_1_2' title="bbox 342 793 1649 1438">
    <p class='ocr_par' dir='ltr' id='par_1_2' title="bbox 342 793 1649 1438">
     <span class='ocr_line' id='line_1_2' title="bbox 345 793 1648 862; baseline -0.005 -10"><span class='ocrx_word' id='word_1_2' title='bbox 345 796 454 852; x_wconf 79' lang='lat' dir='ltr'>Christe</span> <span class='ocrx_word' id='word_1_3' title='bbox 475 811 627 852; x_wconf 79' lang='lat' dir='ltr'>convenere</span> <span class='ocrx_word' id='word_1_4' title='bbox 646 796 705 851; x_wconf 76' lang='lat' dir='ltr'>nair.</span> <span class='ocrx_word' id='word_1_5' title='bbox 725 795 816 851; x_wconf 88' lang='lat' dir='ltr'>Mene.</span> <span class='ocrx_word' id='word_1_6' title='bbox 855 796 901 850; x_wconf 88' lang='lat' dir='ltr'>lus</span> <span class='ocrx_word' id='word_1_7' title='bbox 920 801 949 850; x_wconf 87' lang='lat' dir='ltr'>et</span> <span class='ocrx_word' id='word_1_8' title='bbox 966 796 1054 852; x_wconf 80' lang='lat' dir='ltr'>virtus</span> <span class='ocrx_word' id='word_1_9' title='bbox 1081 795 1191 849; x_wconf 80' lang='lat' dir='ltr'><strong>AEFH.</strong></span> <span class='ocrx_word' id='word_1_10' title='bbox 1227 795 1275 851; x_wconf 88' lang='lat' dir='ltr'>lus</span> <span class='ocrx_word' id='word_1_11' title='bbox 1292 801 1395 850; x_wconf 82' lang='lat' dir='ltr'>ustura</span> <span class='ocrx_word' id='word_1_12' title='bbox 1422 793 1442 848; x_wconf 89' lang='lat'>1.</span> <span class='ocrx_word' id='word_1_13' title='bbox 1468 793 1582 849; x_wconf 90' lang='lat' dir='ltr'>modulo</span> <span class='ocrx_word' id='word_1_14' title='bbox 1596 793 1648 862; x_wconf 73' lang='lat' dir='ltr'>far</span> 
     </span>
     <span class='ocr_line' id='line_1_3' title="bbox 344 865 1648 936; baseline -0.002 -15"><span class='ocrx_word' id='word_1_15' title='bbox 344 868 437 921; x_wconf 87' lang='lat' dir='ltr'>duello</span> <span class='ocrx_word' id='word_1_16' title='bbox 456 868 574 922; x_wconf 84' lang='lat' dir='ltr'>ACEGI.</span> <span class='ocrx_word' id='word_1_17' title='bbox 594 870 811 935; x_wconf 80' lang='lat' dir='ltr'>cenreucrefiir</span> <span class='ocrx_word' id='word_1_18' title='bbox 828 866 910 923; x_wconf 88' lang='lat' dir='ltr'>confi.</span> <span class='ocrx_word' id='word_1_19' title='bbox 930 869 975 922; x_wconf 86' lang='lat' dir='ltr'>Fi.</span> <span class='ocrx_word' id='word_1_20' title='bbox 995 876 1093 936; x_wconf 80' lang='lat' dir='ltr'>regnat</span> <span class='ocrx_word' id='word_1_21' title='bbox 1112 866 1180 923; x_wconf 87' lang='lat' dir='ltr'>deus</span> <span class='ocrx_word' id='word_1_22' title='bbox 1198 867 1232 920; x_wconf 92' lang='lat' dir='ltr'>H.</span> <span class='ocrx_word' id='word_1_23' title='bbox 1258 897 1292 906; x_wconf 94' lang='lat'>-</span> <span class='ocrx_word' id='word_1_24' title='bbox 1317 871 1342 920; x_wconf 88' lang='grc'>4.</span> <span class='ocrx_word' id='word_1_25' title='bbox 1361 883 1387 935; x_wconf 87' lang='lat' dir='ltr'>q.</span> <span class='ocrx_word' id='word_1_26' title='bbox 1407 872 1494 920; x_wconf 87' lang='lat' dir='ltr'>mater</span> <span class='ocrx_word' id='word_1_27' title='bbox 1515 867 1555 923; x_wconf 86' lang='lat' dir='ltr'>sis</span> <span class='ocrx_word' id='word_1_28' title='bbox 1574 865 1648 920; x_wconf 78' lang='lat' dir='ltr'>iacta</span> 
     </span>
     <span class='ocr_line' id='line_1_4' title="bbox 344 937 1648 1008; baseline -0.002 -15"><span class='ocrx_word' id='word_1_29' title='bbox 344 940 434 993; x_wconf 87' lang='lat' dir='ltr'>adhuc</span> <span class='ocrx_word' id='word_1_30' title='bbox 452 953 565 994; x_wconf 88' lang='lat' dir='ltr'>manens</span> <span class='ocrx_word' id='word_1_31' title='bbox 584 939 688 992; x_wconf 87' lang='lat' dir='ltr'>intacta</span> <span class='ocrx_word' id='word_1_32' title='bbox 706 940 739 992; x_wconf 85' lang='lat' dir='ltr'>E.</span> <span class='ocrx_word' id='word_1_33' title='bbox 759 960 784 1005; x_wconf 81' lang='lat' dir='ltr'>q.</span> <span class='ocrx_word' id='word_1_34' title='bbox 805 940 842 994; x_wconf 89' lang='lat' dir='ltr'>sis</span> <span class='ocrx_word' id='word_1_35' title='bbox 863 946 952 993; x_wconf 85' lang='lat' dir='ltr'>mater</span> <span class='ocrx_word' id='word_1_36' title='bbox 970 938 1045 993; x_wconf 80' lang='lat' dir='ltr'>facte</span> <span class='ocrx_word' id='word_1_37' title='bbox 1064 946 1092 992; x_wconf 85' lang='lat' dir='ltr'>ct</span> <span class='ocrx_word' id='word_1_38' title='bbox 1111 947 1203 992; x_wconf 87' lang='lat' dir='ltr'>tamen</span> <span class='ocrx_word' id='word_1_39' title='bbox 1223 938 1300 1006; x_wconf 80' lang='lat' dir='ltr'>uirgo</span> <span class='ocrx_word' id='word_1_40' title='bbox 1319 952 1483 1008; x_wconf 86' lang='lat' dir='ltr'>permanens</span> <span class='ocrx_word' id='word_1_41' title='bbox 1498 939 1605 992; x_wconf 81' lang='lat' dir='ltr'>intacta</span> <span class='ocrx_word' id='word_1_42' title='bbox 1616 937 1648 990; x_wconf 84' lang='lat' dir='ltr'>G.</span> 
     </span>
     <span class='ocr_line' id='line_1_5' title="bbox 346 1009 1648 1080; baseline -0.002 -17"><span class='ocrx_word' id='word_1_43' title='bbox 346 1028 372 1078; x_wconf 86' lang='lat' dir='ltr'>q.</span> <span class='ocrx_word' id='word_1_44' title='bbox 392 1018 422 1064; x_wconf 87' lang='lat' dir='ltr'>tu</span> <span class='ocrx_word' id='word_1_45' title='bbox 441 1025 598 1080; x_wconf 80' lang='lat' dir='ltr'>gen...cr</span> <span class='ocrx_word' id='word_1_46' title='bbox 616 1019 644 1064; x_wconf 91' lang='lat' dir='ltr'>te</span> <span class='ocrx_word' id='word_1_47' title='bbox 663 1026 739 1064; x_wconf 82' lang='lat' dir='ltr'>nese.</span> <span class='ocrx_word' id='word_1_48' title='bbox 758 1010 790 1063; x_wconf 79' lang='lat' dir='ltr'>F.</span> <span class='ocrx_word' id='word_1_49' title='bbox 810 1028 835 1077; x_wconf 88' lang='lat' dir='ltr'>q.</span> <span class='ocrx_word' id='word_1_50' title='bbox 855 1026 1014 1077; x_wconf 78' lang='lat' dir='ltr'>gen...ex</span> <span class='ocrx_word' id='word_1_51' title='bbox 1033 1017 1061 1064; x_wconf 83' lang='lat' dir='ltr'>te</span> <span class='ocrx_word' id='word_1_52' title='bbox 1080 1024 1155 1063; x_wconf 88' lang='lat' dir='ltr'>uase.</span> <span class='ocrx_word' id='word_1_53' title='bbox 1175 1009 1209 1063; x_wconf 89' lang='lat' dir='ltr'>K.</span> <span class='ocrx_word' id='word_1_54' title='bbox 1237 1026 1296 1063; x_wconf 78' lang='lat' dir='ltr'>crim</span> <span class='ocrx_word' id='word_1_55' title='bbox 1316 1010 1355 1064; x_wconf 88' lang='lat' dir='ltr'>sis</span> <span class='ocrx_word' id='word_1_56' title='bbox 1374 1010 1411 1079; x_wconf 93' lang='lat' dir='ltr'>pl.</span> <span class='ocrx_word' id='word_1_57' title='bbox 1430 1009 1451 1062; x_wconf 93' lang='lat'>1.</span> <span class='ocrx_word' id='word_1_58' title='bbox 1471 1023 1505 1062; x_wconf 83' lang='lat' dir='ltr'>ex</span> <span class='ocrx_word' id='word_1_59' title='bbox 1524 1015 1554 1063; x_wconf 91' lang='lat' dir='ltr'>te</span> <span class='ocrx_word' id='word_1_60' title='bbox 1574 1023 1648 1062; x_wconf 80' lang='lat' dir='ltr'>uase.</span> 
     </span>
     <span class='ocr_line' id='line_1_6' title="bbox 343 1080 1649 1151; baseline -0.002 -16"><span class='ocrx_word' id='word_1_61' title='bbox 343 1083 435 1136; x_wconf 83' lang='lat' dir='ltr'>illone.</span> <span class='ocrx_word' id='word_1_62' title='bbox 455 1113 488 1122; x_wconf 90' lang='lat'><em>-</em></span> <span class='ocrx_word' id='word_1_63' title='bbox 508 1086 532 1135; x_wconf 79' lang='grc' dir='ltr'>ὓ.</span> <span class='ocrx_word' id='word_1_64' title='bbox 552 1083 612 1136; x_wconf 87' lang='lat' dir='ltr'>mis.</span> <span class='ocrx_word' id='word_1_65' title='bbox 633 1082 667 1136; x_wconf 75' lang='lat' dir='ltr'>acl</span> <span class='ocrx_word' id='word_1_66' title='bbox 687 1099 729 1135; x_wconf 81' lang='lat' dir='ltr'>ure</span> <span class='ocrx_word' id='word_1_67' title='bbox 749 1083 781 1135; x_wconf 82' lang='grc' dir='ltr'>Ε.</span> <span class='ocrx_word' id='word_1_68' title='bbox 801 1112 834 1121; x_wconf 92' lang='grc'><strong>-</strong></span> <span class='ocrx_word' id='word_1_69' title='bbox 854 1086 879 1134; x_wconf 79' lang='lat' dir='ltr'>(i.</span> <span class='ocrx_word' id='word_1_70' title='bbox 898 1082 932 1136; x_wconf 85' lang='lat' dir='ltr'>N.</span> <span class='ocrx_word' id='word_1_71' title='bbox 953 1097 976 1134; x_wconf 94' lang='lat' dir='ltr'>e.</span> <span class='ocrx_word' id='word_1_72' title='bbox 996 1097 1031 1135; x_wconf 88' lang='lat' dir='ltr'>ex</span> <span class='ocrx_word' id='word_1_73' title='bbox 1049 1097 1092 1134; x_wconf 83' lang='lat' dir='ltr'>nre</span> <span class='ocrx_word' id='word_1_74' title='bbox 1111 1083 1145 1137; x_wconf 83' lang='grc' dir='ltr'>Α.</span> <span class='ocrx_word' id='word_1_75' title='bbox 1182 1081 1217 1135; x_wconf 83' lang='lat' dir='ltr'>N.</span> <span class='ocrx_word' id='word_1_76' title='bbox 1236 1098 1279 1135; x_wconf 86' lang='lat' dir='ltr'>me</span> <span class='ocrx_word' id='word_1_77' title='bbox 1299 1082 1379 1151; x_wconf 77' lang='lat' dir='ltr'>(odae</span> <span class='ocrx_word' id='word_1_78' title='bbox 1393 1084 1437 1148; x_wconf 84' lang='lat' dir='ltr'>ex)</span> <span class='ocrx_word' id='word_1_79' title='bbox 1456 1081 1488 1134; x_wconf 92' lang='lat' dir='ltr'>B.</span> <span class='ocrx_word' id='word_1_80' title='bbox 1508 1080 1649 1136; x_wconf 83' lang='lat' dir='ltr'><strong>Processit</strong></span> 
     </span>
     <span class='ocr_line' id='line_1_7' title="bbox 343 1152 1648 1221; baseline -0.001 -15"><span class='ocrx_word' id='word_1_81' title='bbox 343 1153 377 1206; x_wconf 90' lang='lat' dir='ltr'>de</span> <span class='ocrx_word' id='word_1_82' title='bbox 396 1168 439 1206; x_wconf 89' lang='lat' dir='ltr'>me</span> <span class='ocrx_word' id='word_1_83' title='bbox 458 1154 538 1208; x_wconf 83' lang='lat' dir='ltr'>GEll.</span> <span class='ocrx_word' id='word_1_84' title='bbox 576 1154 716 1209; x_wconf 84' lang='lat' dir='ltr'>Processit</span> <span class='ocrx_word' id='word_1_85' title='bbox 734 1169 768 1207; x_wconf 85' lang='lat' dir='ltr'>ex</span> <span class='ocrx_word' id='word_1_86' title='bbox 786 1168 829 1206; x_wconf 86' lang='lat' dir='ltr'>rne</span> <span class='ocrx_word' id='word_1_87' title='bbox 850 1154 881 1206; x_wconf 88' lang='lat' dir='ltr'>L.</span> <span class='ocrx_word' id='word_1_88' title='bbox 919 1153 1058 1208; x_wconf 75' lang='lat' dir='ltr'>Processit</span> <span class='ocrx_word' id='word_1_89' title='bbox 1086 1153 1213 1207; x_wconf 86' lang='lat' dir='ltr'>Christus</span> <span class='ocrx_word' id='word_1_90' title='bbox 1241 1168 1305 1221; x_wconf 85' lang='lat' dir='ltr'>spes</span> <span class='ocrx_word' id='word_1_91' title='bbox 1334 1168 1396 1207; x_wconf 89' lang='lat' dir='ltr'>mea</span> <span class='ocrx_word' id='word_1_92' title='bbox 1420 1169 1455 1206; x_wconf 81' lang='lat' dir='ltr'>cx</span> <span class='ocrx_word' id='word_1_93' title='bbox 1474 1153 1581 1220; x_wconf 84' lang='lat' dir='ltr'>virgine</span> <span class='ocrx_word' id='word_1_94' title='bbox 1600 1152 1648 1205; x_wconf 86' lang='lat' dir='ltr'>iru-</span> 
     </span>
     <span class='ocr_line' id='line_1_8' title="bbox 342 1223 1649 1295; baseline -0.001 -18"><span class='ocrx_word' id='word_1_95' title='bbox 342 1225 480 1278; x_wconf 84' lang='lat' dir='ltr'>maculata</span> <span class='ocrx_word' id='word_1_96' title='bbox 499 1226 530 1280; x_wconf 86' lang='lat' dir='ltr'>G.</span> <span class='ocrx_word' id='word_1_97' title='bbox 550 1232 694 1293; x_wconf 79' lang='lat' dir='ltr'>pernrenet</span> <span class='ocrx_word' id='word_1_98' title='bbox 712 1224 891 1294; x_wconf 74' lang='lat' dir='ltr'>(lntripiert)</span> <span class='ocrx_word' id='word_1_99' title='bbox 910 1227 942 1278; x_wconf 86' lang='lat' dir='ltr'>A.</span> <span class='ocrx_word' id='word_1_100' title='bbox 963 1255 997 1264; x_wconf 89' lang='lat'>-</span> <span class='ocrx_word' id='word_1_101' title='bbox 1016 1227 1041 1279; x_wconf 85' lang='lat'>7.</span> <span class='ocrx_word' id='word_1_102' title='bbox 1060 1225 1139 1278; x_wconf 77' lang='lat' dir='ltr'>Greci.</span> <span class='ocrx_word' id='word_1_103' title='bbox 1159 1240 1228 1292; x_wconf 81' lang='lat' dir='ltr'>mag.</span> <span class='ocrx_word' id='word_1_104' title='bbox 1249 1225 1330 1291; x_wconf 73' lang='lat' dir='ltr'>(odire</span> <span class='ocrx_word' id='word_1_105' title='bbox 1348 1225 1402 1295; x_wconf 83' lang='lat' dir='ltr'>est)</span> <span class='ocrx_word' id='word_1_106' title='bbox 1420 1224 1451 1279; x_wconf 86' lang='lat' dir='ltr'>G.</span> <span class='ocrx_word' id='word_1_107' title='bbox 1471 1224 1523 1279; x_wconf 86' lang='lat' dir='ltr'>seli</span> <span class='ocrx_word' id='word_1_108' title='bbox 1539 1223 1649 1277; x_wconf 79' lang='lat' dir='ltr'>Mariae</span> 
     </span>
     <span class='ocr_line' id='line_1_9' title="bbox 342 1294 1647 1364; baseline -0.001 -15"><span class='ocrx_word' id='word_1_109' title='bbox 342 1298 433 1351; x_wconf 87' lang='lat' dir='ltr'>veraci</span> <span class='ocrx_word' id='word_1_110' title='bbox 453 1315 477 1363; x_wconf 83' lang='lat' dir='ltr'>q.</span> <span class='ocrx_word' id='word_1_111' title='bbox 497 1298 517 1349; x_wconf 94' lang='lat' dir='ltr'>l.</span> <span class='ocrx_word' id='word_1_112' title='bbox 537 1297 634 1350; x_wconf 80' lang='lat' dir='ltr'>turbae</span> <span class='ocrx_word' id='word_1_113' title='bbox 654 1296 746 1349; x_wconf 83' lang='lat' dir='ltr'>fallaci</span> <span class='ocrx_word' id='word_1_114' title='bbox 765 1297 848 1351; x_wconf 81' lang='lat' dir='ltr'>lione</span> <span class='ocrx_word' id='word_1_115' title='bbox 868 1313 919 1349; x_wconf 76' lang='lat' dir='ltr'>aas</span> <span class='ocrx_word' id='word_1_116' title='bbox 937 1296 968 1349; x_wconf 87' lang='lat' dir='ltr'>B.</span> <span class='ocrx_word' id='word_1_117' title='bbox 994 1326 1027 1335; x_wconf 95' lang='lat'>-</span> <span class='ocrx_word' id='word_1_118' title='bbox 1053 1299 1078 1349; x_wconf 82' lang='lat'>8.</span> <span class='ocrx_word' id='word_1_119' title='bbox 1104 1295 1138 1350; x_wconf 91' lang='lat' dir='ltr'>de</span> <span class='ocrx_word' id='word_1_120' title='bbox 1157 1296 1225 1364; x_wconf 82' lang='lat' dir='ltr'>virg.</span> <span class='ocrx_word' id='word_1_121' title='bbox 1245 1310 1308 1350; x_wconf 85' lang='lat' dir='ltr'>rere</span> <span class='ocrx_word' id='word_1_122' title='bbox 1327 1296 1381 1352; x_wconf 79' lang='lat' dir='ltr'>GL.</span> <span class='ocrx_word' id='word_1_123' title='bbox 1401 1311 1434 1351; x_wconf 86' lang='lat' dir='ltr'>ex</span> <span class='ocrx_word' id='word_1_124' title='bbox 1452 1295 1524 1350; x_wconf 84' lang='lat' dir='ltr'>Mer.</span> <span class='ocrx_word' id='word_1_125' title='bbox 1545 1294 1647 1350; x_wconf 76' lang='lat' dir='ltr'>Besa.</span> 
     </span>
     <span class='ocr_line' id='line_1_10' title="bbox 343 1365 1115 1438; baseline 0 -19"><span class='ocrx_word' id='word_1_126' title='bbox 343 1365 406 1422; x_wconf 83' lang='lat' dir='ltr'>Ft&#39;ir</span> <span class='ocrx_word' id='word_1_127' title='bbox 424 1368 512 1422; x_wconf 75' lang='lat' dir='ltr'>victor</span> <span class='ocrx_word' id='word_1_128' title='bbox 531 1369 622 1438; x_wconf 81' lang='lat' dir='ltr'>(Dan.)</span> <span class='ocrx_word' id='word_1_129' title='bbox 641 1368 729 1421; x_wconf 70' lang='lat' dir='ltr'>lauden</span> <span class='ocrx_word' id='word_1_130' title='bbox 749 1369 793 1420; x_wconf 83' lang='lat' dir='ltr'>die</span> <span class='ocrx_word' id='word_1_131' title='bbox 812 1368 920 1421; x_wconf 74' lang='lat' dir='ltr'>anclcrn</span> <span class='ocrx_word' id='word_1_132' title='bbox 939 1367 1024 1420; x_wconf 75' lang='lat' dir='ltr'>Teate</span> <span class='ocrx_word' id='word_1_133' title='bbox 1042 1376 1115 1421; x_wconf 83' lang='lat' dir='ltr'>nate.</span> 
     </span>
    </p>
   </div>
   <div class='ocr_carea' id='block_1_3' title="bbox 415 1455 1010 1526">
    <p class='ocr_par' dir='ltr' id='par_1_3' title="bbox 415 1455 1010 1526">
     <span class='ocr_line' id='line_1_11' title="bbox 415 1455 1010 1526; baseline -0.005 -14"><span class='ocrx_word' id='word_1_134' title='bbox 415 1474 437 1512; x_wconf 87' lang='lat' dir='ltr'>c.</span> <span class='ocrx_word' id='word_1_135' title='bbox 456 1457 612 1511; x_wconf 81' lang='lat' dir='ltr'>Bentcrlt.</span> <span class='ocrx_word' id='word_1_136' title='bbox 654 1456 713 1526; x_wconf 78' lang='lat' dir='ltr'>Vpl.</span> <span class='ocrx_word' id='word_1_137' title='bbox 732 1455 786 1510; x_wconf 73' lang='lat' dir='ltr'>Nn.</span> <span class='ocrx_word' id='word_1_138' title='bbox 805 1460 848 1511; x_wconf 84' lang='grc'>83.</span> <span class='ocrx_word' id='word_1_139' title='bbox 867 1460 929 1510; x_wconf 76' lang='lat'>216.</span> <span class='ocrx_word' id='word_1_140' title='bbox 948 1460 1010 1510; x_wconf 77' lang='lat'>233.</span> 
     </span>
    </p>
   </div>
   <div class='ocr_carea' id='block_1_4' title="bbox 662 1731 1340 1910">
    <p class='ocr_par' dir='ltr' id='par_1_4' title="bbox 662 1731 1340 1910">
     <span class='ocr_line' id='line_1_12' title="bbox 728 1731 1260 1813; baseline -0.004 -17"><span class='ocrx_word' id='word_1_141' title='bbox 728 1737 797 1797; x_wconf 79' lang='lat'>235.</span> <span class='ocrx_word' id='word_1_142' title='bbox 829 1731 879 1797; x_wconf 85' lang='lat' dir='ltr'>Dc</span> <span class='ocrx_word' id='word_1_143' title='bbox 893 1732 984 1798; x_wconf 78' lang='lat' dir='ltr'>beatu</span> <span class='ocrx_word' id='word_1_144' title='bbox 999 1731 1115 1798; x_wconf 71' lang='lat' dir='ltr'>Marcia</span> <span class='ocrx_word' id='word_1_145' title='bbox 1130 1732 1260 1813; x_wconf 79' lang='lat' dir='ltr'>virpt&#39;nc.</span> 
     </span>
     <span class='ocr_line' id='line_1_13' title="bbox 662 1839 1340 1910; baseline -0.004 -15"><span class='ocrx_word' id='word_1_146' title='bbox 662 1843 780 1909; x_wconf 61' lang='lat' dir='ltr'>(illicior</span> <span class='ocrx_word' id='word_1_147' title='bbox 799 1852 841 1897; x_wconf 84' lang='lat' dir='ltr'>est</span> <span class='ocrx_word' id='word_1_148' title='bbox 861 1843 1078 1908; x_wconf 84' lang='lat' dir='ltr'>Gadeschalcus,</span> <span class='ocrx_word' id='word_1_149' title='bbox 1098 1850 1129 1896; x_wconf 92' lang='lat' dir='ltr'>ut</span> <span class='ocrx_word' id='word_1_150' title='bbox 1146 1842 1205 1910; x_wconf 85' lang='lat' dir='ltr'>ipse</span> <span class='ocrx_word' id='word_1_151' title='bbox 1224 1839 1340 1908; x_wconf 81' lang='lat' dir='ltr'><strong>scribit.)</strong></span> 
     </span>
    </p>
   </div>
   <div class='ocr_carea' id='block_1_5' title="bbox 346 1949 1498 2121">
    <p class='ocr_par' dir='ltr' id='par_1_5' title="bbox 346 1949 1498 2121">
     <span class='ocr_line' id='line_1_14' title="bbox 346 1949 1498 2034; baseline -0.009 -13"><span class='ocrx_word' id='word_1_152' title='bbox 346 1964 372 2021; x_wconf 90' lang='lat' dir='ltr'>l.</span> <span class='ocrx_word' id='word_1_153' title='bbox 399 1952 549 2018; x_wconf 81' lang='lat' dir='ltr'>Fecunda</span> <span class='ocrx_word' id='word_1_154' title='bbox 564 1955 663 2019; x_wconf 82' lang='lat' dir='ltr'>verbu</span> <span class='ocrx_word' id='word_1_155' title='bbox 1073 1952 1215 2034; x_wconf 82' lang='lat' dir='ltr'>Angelus</span> <span class='ocrx_word' id='word_1_156' title='bbox 1230 1970 1269 2016; x_wconf 89' lang='lat' dir='ltr'>ne</span> <span class='ocrx_word' id='word_1_157' title='bbox 1285 1949 1388 2026; x_wconf 86' lang='lat' dir='ltr'>cadat,</span> <span class='ocrx_word' id='word_1_158' title='bbox 1404 1949 1498 2014; x_wconf 82' lang='lat' dir='ltr'>hoino</span> 
     </span>
     <span class='ocr_line' id='line_1_15' title="bbox 399 2034 1455 2121; baseline -0.007 -18"><span class='ocrx_word' id='word_1_159' title='bbox 399 2043 434 2103; x_wconf 85' lang='lat' dir='ltr'>tu</span> <span class='ocrx_word' id='word_1_160' title='bbox 450 2039 607 2117; x_wconf 62' lang='lat' dir='ltr'>rupinum</span> <span class='ocrx_word' id='word_1_161' title='bbox 624 2038 723 2121; x_wconf 76' lang='lat' dir='ltr'>virgo,</span> <span class='ocrx_word' id='word_1_162' title='bbox 1075 2038 1184 2119; x_wconf 89' lang='lat' dir='ltr'>lapsus</span> <span class='ocrx_word' id='word_1_163' title='bbox 1197 2036 1269 2100; x_wconf 90' lang='lat' dir='ltr'>hinc</span> <span class='ocrx_word' id='word_1_164' title='bbox 1283 2041 1320 2099; x_wconf 91' lang='lat' dir='ltr'>ut</span> <span class='ocrx_word' id='word_1_165' title='bbox 1334 2034 1455 2113; x_wconf 81' lang='lat' dir='ltr'>redeat,</span> 
     </span>
    </p>
   </div>
   <div class='ocr_carea' id='block_1_6' title="bbox 343 2122 1648 3647">
    <p class='ocr_par' dir='ltr' id='par_1_6' title="bbox 343 2122 1648 3647">
     <span class='ocr_line' id='line_1_16' title="bbox 398 2122 1469 2203; baseline -0.005 -17"><span class='ocrx_word' id='word_1_166' title='bbox 398 2122 512 2202; x_wconf 87' lang='lat' dir='ltr'>Maria,</span> <span class='ocrx_word' id='word_1_167' title='bbox 531 2122 588 2187; x_wconf 75' lang='lat' dir='ltr'>lini</span> <span class='ocrx_word' id='word_1_168' title='bbox 1073 2126 1299 2203; x_wconf 75' lang='lat' dir='ltr'>temptaturus</span> <span class='ocrx_word' id='word_1_169' title='bbox 1314 2122 1469 2199; x_wconf 79' lang='lat' dir='ltr'>resurgat.</span> 
     </span>
     <span class='ocr_line' id='line_1_17' title="bbox 398 2202 1465 2289; baseline -0.005 -19"><span class='ocrx_word' id='word_1_170' title='bbox 398 2212 500 2271; x_wconf 80' lang='lat' dir='ltr'>uratur</span> <span class='ocrx_word' id='word_1_171' title='bbox 516 2206 644 2289; x_wconf 71' lang='lat' dir='ltr'>irrclpta</span> <span class='ocrx_word' id='word_1_172' title='bbox 661 2208 746 2271; x_wconf 85' lang='lat' dir='ltr'>nrnni</span> <span class='ocrx_word' id='word_1_173' title='bbox 1016 2213 1046 2270; x_wconf 85' lang='grc'>4.</span> <span class='ocrx_word' id='word_1_174' title='bbox 1072 2204 1114 2270; x_wconf 87' lang='lat' dir='ltr'>Se</span> <span class='ocrx_word' id='word_1_175' title='bbox 1129 2205 1283 2270; x_wconf 83' lang='lat' dir='ltr'>simulans</span> <span class='ocrx_word' id='word_1_176' title='bbox 1299 2202 1465 2283; x_wconf 79' lang='lat' dir='ltr'>altissimo,</span> 
     </span>
     <span class='ocr_line' id='line_1_18' title="bbox 398 2286 1477 2371; baseline -0.004 -17"><span class='ocrx_word' id='word_1_177' title='bbox 398 2291 492 2355; x_wconf 90' lang='lat' dir='ltr'>laude</span> <span class='ocrx_word' id='word_1_178' title='bbox 507 2295 542 2355; x_wconf 88' lang='lat' dir='ltr'>tu</span> <span class='ocrx_word' id='word_1_179' title='bbox 559 2293 628 2356; x_wconf 89' lang='lat' dir='ltr'>sula</span> <span class='ocrx_word' id='word_1_180' title='bbox 643 2292 748 2371; x_wconf 71' lang='lat' dir='ltr'>digna,</span> <span class='ocrx_word' id='word_1_181' title='bbox 1073 2291 1136 2355; x_wconf 81' lang='lat' dir='ltr'>iarn</span> <span class='ocrx_word' id='word_1_182' title='bbox 1151 2306 1209 2354; x_wconf 88' lang='lat' dir='ltr'>nec</span> <span class='ocrx_word' id='word_1_183' title='bbox 1223 2306 1281 2370; x_wconf 87' lang='lat' dir='ltr'>par</span> <span class='ocrx_word' id='word_1_184' title='bbox 1296 2292 1345 2352; x_wconf 85' lang='lat' dir='ltr'>cst</span> <span class='ocrx_word' id='word_1_185' title='bbox 1360 2286 1477 2365; x_wconf 78' lang='lat' dir='ltr'>infime,</span> 
     </span>
     <span class='ocr_line' id='line_1_19' title="bbox 397 2371 1555 2456; baseline -0.006 -17"><span class='ocrx_word' id='word_1_186' title='bbox 397 2375 538 2456; x_wconf 78' lang='lat' dir='ltr'>Dignare</span> <span class='ocrx_word' id='word_1_187' title='bbox 553 2394 612 2440; x_wconf 88' lang='lat' dir='ltr'>nos</span> <span class='ocrx_word' id='word_1_188' title='bbox 631 2376 779 2455; x_wconf 82' lang='lat' dir='ltr'>indignas</span> <span class='ocrx_word' id='word_1_189' title='bbox 1071 2375 1255 2454; x_wconf 83' lang='lat' dir='ltr'>redemptus</span> <span class='ocrx_word' id='word_1_190' title='bbox 1270 2373 1345 2453; x_wconf 88' lang='lat' dir='ltr'>quia</span> <span class='ocrx_word' id='word_1_191' title='bbox 1359 2372 1437 2436; x_wconf 88' lang='lat' dir='ltr'>vivit</span> <span class='ocrx_word' id='word_1_192' title='bbox 1451 2371 1555 2436; x_wconf 87' lang='lat' dir='ltr'>homo.</span> 
     </span>
     <span class='ocr_line' id='line_1_20' title="bbox 397 2457 1460 2525; baseline -0.004 -1"><span class='ocrx_word' id='word_1_193' title='bbox 397 2458 534 2525; x_wconf 74' lang='lat' dir='ltr'>isnardus</span> <span class='ocrx_word' id='word_1_194' title='bbox 550 2465 582 2524; x_wconf 81' lang='lat' dir='ltr'>te</span> <span class='ocrx_word' id='word_1_195' title='bbox 598 2460 729 2524; x_wconf 85' lang='lat' dir='ltr'>laudare</span> <span class='ocrx_word' id='word_1_196' title='bbox 1072 2457 1301 2522; x_wconf 82' lang='lat' dir='ltr'>lurnrortaliter</span> <span class='ocrx_word' id='word_1_197' title='bbox 1315 2461 1460 2520; x_wconf 76' lang='lat' dir='ltr'>nicrinus</span> 
     </span>
     <span class='ocr_line' id='line_1_21' title="bbox 398 2540 1504 2624; baseline -0.003 -18"><span class='ocrx_word' id='word_1_198' title='bbox 398 2545 509 2624; x_wconf 81' lang='lat' dir='ltr'>regina</span> <span class='ocrx_word' id='word_1_199' title='bbox 531 2545 620 2609; x_wconf 83' lang='lat' dir='ltr'>coeli.</span> <span class='ocrx_word' id='word_1_200' title='bbox 1072 2543 1128 2607; x_wconf 88' lang='lat' dir='ltr'>sed</span> <span class='ocrx_word' id='word_1_201' title='bbox 1144 2547 1193 2607; x_wconf 89' lang='lat' dir='ltr'>est</span> <span class='ocrx_word' id='word_1_202' title='bbox 1206 2541 1344 2605; x_wconf 83' lang='lat' dir='ltr'>mendax</span> <span class='ocrx_word' id='word_1_203' title='bbox 1361 2540 1504 2622; x_wconf 77' lang='lat' dir='ltr'>spiritus,</span> 
     </span>
     <span class='ocr_line' id='line_1_22' title="bbox 1072 2621 1648 2709; baseline -0.009 -18"><span class='ocrx_word' id='word_1_204' title='bbox 1072 2645 1166 2709; x_wconf 88' lang='lat' dir='ltr'>quem</span> <span class='ocrx_word' id='word_1_205' title='bbox 1209 2625 1392 2705; x_wconf 82' lang='lat' dir='ltr'>strangulat</span> <span class='ocrx_word' id='word_1_206' title='bbox 1434 2623 1555 2689; x_wconf 80' lang='lat' dir='ltr'>ventris</span> <span class='ocrx_word' id='word_1_207' title='bbox 1599 2621 1648 2686; x_wconf 92' lang='lat' dir='ltr'>ti</span> 
     </span>
     <span class='ocr_line' id='line_1_23' title="bbox 345 2709 1250 2777; baseline 0.001 -3"><span class='ocrx_word' id='word_1_208' title='bbox 345 2716 372 2775; x_wconf 84' lang='lat'>2.</span> <span class='ocrx_word' id='word_1_209' title='bbox 398 2711 570 2777; x_wconf 84' lang='lat' dir='ltr'>illediatrix</span> <span class='ocrx_word' id='word_1_210' title='bbox 1116 2709 1250 2776; x_wconf 79' lang='lat' dir='ltr'>fruetus,</span> 
     </span>
     <span class='ocr_line' id='line_1_24' title="bbox 399 2795 1445 2876; baseline 0 -18"><span class='ocrx_word' id='word_1_211' title='bbox 399 2795 585 2860; x_wconf 86' lang='lat' dir='ltr'>mediatoris</span> <span class='ocrx_word' id='word_1_212' title='bbox 1018 2801 1046 2859; x_wconf 89' lang='lat'>5.</span> <span class='ocrx_word' id='word_1_213' title='bbox 1073 2795 1116 2859; x_wconf 84' lang='lat' dir='ltr'>Et</span> <span class='ocrx_word' id='word_1_214' title='bbox 1129 2813 1188 2860; x_wconf 89' lang='lat' dir='ltr'>nos</span> <span class='ocrx_word' id='word_1_215' title='bbox 1203 2796 1288 2859; x_wconf 87' lang='lat' dir='ltr'>vitae</span> <span class='ocrx_word' id='word_1_216' title='bbox 1305 2799 1445 2876; x_wconf 84' lang='lat' dir='ltr'>reparat,</span> 
     </span>
     <span class='ocr_line' id='line_1_25' title="bbox 398 2878 1353 2962; baseline -0.002 -17"><span class='ocrx_word' id='word_1_217' title='bbox 398 2885 434 2945; x_wconf 86' lang='lat' dir='ltr'>tu</span> <span class='ocrx_word' id='word_1_218' title='bbox 449 2880 597 2961; x_wconf 76' lang='lat' dir='ltr'>genitrix,</span> <span class='ocrx_word' id='word_1_219' title='bbox 1072 2879 1221 2962; x_wconf 77' lang='lat' dir='ltr'>angelum</span> <span class='ocrx_word' id='word_1_220' title='bbox 1236 2878 1353 2958; x_wconf 85' lang='lat' dir='ltr'>firmat,</span> 
     </span>
     <span class='ocr_line' id='line_1_26' title="bbox 397 2964 1470 3046; baseline -0.001 -18"><span class='ocrx_word' id='word_1_221' title='bbox 397 2964 436 3029; x_wconf 89' lang='lat' dir='ltr'>In</span> <span class='ocrx_word' id='word_1_222' title='bbox 452 2983 514 3044; x_wconf 70' lang='lat' dir='ltr'>qaia</span> <span class='ocrx_word' id='word_1_223' title='bbox 530 2967 588 3030; x_wconf 73' lang='lat' dir='ltr'>aleo</span> <span class='ocrx_word' id='word_1_224' title='bbox 1071 2967 1104 3030; x_wconf 94' lang='lat' dir='ltr'>in</span> <span class='ocrx_word' id='word_1_225' title='bbox 1119 2983 1153 3029; x_wconf 89' lang='lat' dir='ltr'>se</span> <span class='ocrx_word' id='word_1_226' title='bbox 1167 2982 1247 3046; x_wconf 86' lang='lat' dir='ltr'>quas</span> <span class='ocrx_word' id='word_1_227' title='bbox 1262 2982 1345 3028; x_wconf 90' lang='lat' dir='ltr'>unus</span> <span class='ocrx_word' id='word_1_228' title='bbox 1361 2964 1470 3028; x_wconf 80' lang='lat' dir='ltr'>suniat.</span> 
     </span>
     <span class='ocr_line' id='line_1_27' title="bbox 397 3046 1456 3129; baseline -0.002 -16"><span class='ocrx_word' id='word_1_229' title='bbox 397 3051 524 3113; x_wconf 86' lang='lat' dir='ltr'>iunctus</span> <span class='ocrx_word' id='word_1_230' title='bbox 540 3055 590 3114; x_wconf 90' lang='lat' dir='ltr'>est</span> <span class='ocrx_word' id='word_1_231' title='bbox 605 3050 707 3129; x_wconf 69' lang='lat' dir='ltr'>hainin,</span> <span class='ocrx_word' id='word_1_232' title='bbox 1070 3050 1156 3129; x_wconf 84' lang='lat' dir='ltr'>Ergo</span> <span class='ocrx_word' id='word_1_233' title='bbox 1173 3050 1313 3112; x_wconf 81' lang='lat' dir='ltr'>nurniurn</span> <span class='ocrx_word' id='word_1_234' title='bbox 1329 3046 1456 3112; x_wconf 86' lang='lat' dir='ltr'>‹lernina</span> 
     </span>
     <span class='ocr_line' id='line_1_28' title="bbox 399 3132 1286 3214; baseline -0.001 -17"><span class='ocrx_word' id='word_1_235' title='bbox 399 3133 478 3199; x_wconf 88' lang='lat' dir='ltr'>deus</span> <span class='ocrx_word' id='word_1_236' title='bbox 494 3134 622 3198; x_wconf 84' lang='lat' dir='ltr'>hurnini.</span> <span class='ocrx_word' id='word_1_237' title='bbox 1071 3133 1171 3197; x_wconf 83' lang='lat' dir='ltr'>lilium</span> <span class='ocrx_word' id='word_1_238' title='bbox 1185 3132 1286 3214; x_wconf 76' lang='lat' dir='ltr'>placa,</span> 
     </span>
     <span class='ocr_line' id='line_1_29' title="bbox 1072 3215 1457 3299; baseline -0.005 -18"><span class='ocrx_word' id='word_1_239' title='bbox 1072 3217 1231 3299; x_wconf 87' lang='lat' dir='ltr'>supplices</span> <span class='ocrx_word' id='word_1_240' title='bbox 1246 3224 1318 3283; x_wconf 88' lang='lat' dir='ltr'>tuns</span> <span class='ocrx_word' id='word_1_241' title='bbox 1333 3215 1457 3281; x_wconf 80' lang='lat' dir='ltr'>adiuva.</span> 
     </span>
     <span class='ocr_line' id='line_1_30' title="bbox 343 3300 1356 3382; baseline 0 -18"><span class='ocrx_word' id='word_1_242' title='bbox 343 3306 371 3365; x_wconf 84' lang='lat'>3.</span> <span class='ocrx_word' id='word_1_243' title='bbox 398 3300 501 3367; x_wconf 90' lang='lat' dir='ltr'>Unius</span> <span class='ocrx_word' id='word_1_244' title='bbox 518 3305 580 3368; x_wconf 83' lang='lat' dir='ltr'>tria</span> <span class='ocrx_word' id='word_1_245' title='bbox 596 3309 670 3368; x_wconf 71' lang='lat' dir='ltr'>salut</span> <span class='ocrx_word' id='word_1_246' title='bbox 687 3301 770 3369; x_wconf 73' lang='lat' dir='ltr'>fracta</span> <span class='ocrx_word' id='word_1_247' title='bbox 1018 3306 1045 3365; x_wconf 79' lang='grc'>6.</span> <span class='ocrx_word' id='word_1_248' title='bbox 1072 3301 1132 3366; x_wconf 83' lang='lat' dir='ltr'>Per</span> <span class='ocrx_word' id='word_1_249' title='bbox 1147 3318 1242 3382; x_wconf 84' lang='lat' dir='ltr'>quarn</span> <span class='ocrx_word' id='word_1_250' title='bbox 1257 3300 1356 3366; x_wconf 88' lang='lat' dir='ltr'>solam</span> 
     </span>
     <span class='ocr_line' id='line_1_31' title="bbox 399 3386 1436 3469; baseline -0.003 -19"><span class='ocrx_word' id='word_1_251' title='bbox 399 3387 553 3452; x_wconf 85' lang='lat' dir='ltr'>trinitatis</span> <span class='ocrx_word' id='word_1_252' title='bbox 573 3408 670 3469; x_wconf 65' lang='lat' dir='ltr'>caparra</span> <span class='ocrx_word' id='word_1_253' title='bbox 1073 3386 1160 3450; x_wconf 88' lang='lat' dir='ltr'>selus</span> <span class='ocrx_word' id='word_1_254' title='bbox 1176 3386 1322 3451; x_wconf 83' lang='lat' dir='ltr'>erunibus</span> <span class='ocrx_word' id='word_1_255' title='bbox 1337 3386 1436 3450; x_wconf 81' lang='lat' dir='ltr'>vitani</span> 
     </span>
     <span class='ocr_line' id='line_1_32' title="bbox 397 3469 1315 3552; baseline 0 -18"><span class='ocrx_word' id='word_1_256' title='bbox 397 3472 430 3534; x_wconf 93' lang='lat' dir='ltr'>in</span> <span class='ocrx_word' id='word_1_257' title='bbox 446 3489 540 3536; x_wconf 87' lang='lat' dir='ltr'>carue</span> <span class='ocrx_word' id='word_1_258' title='bbox 556 3474 595 3536; x_wconf 79' lang='lat' dir='ltr'>‹lc</span> <span class='ocrx_word' id='word_1_259' title='bbox 611 3478 642 3537; x_wconf 86' lang='lat' dir='ltr'>te</span> <span class='ocrx_word' id='word_1_260' title='bbox 657 3480 791 3552; x_wconf 83' lang='lat' dir='ltr'>sumpta.</span> <span class='ocrx_word' id='word_1_261' title='bbox 1073 3470 1129 3534; x_wconf 88' lang='lat' dir='ltr'>dat</span> <span class='ocrx_word' id='word_1_262' title='bbox 1144 3469 1315 3535; x_wconf 85' lang='lat' dir='ltr'>salvandis.</span> 
     </span>
     <span class='ocr_line' id='line_1_33' title="bbox 413 3575 1644 3647; baseline -0.003 -14"><span class='ocrx_word' id='word_1_263' title='bbox 413 3596 438 3633; x_wconf 91' lang='lat' dir='ltr'>a.</span> <span class='ocrx_word' id='word_1_264' title='bbox 458 3581 551 3633; x_wconf 79' lang='lat' dir='ltr'>Text.</span> <span class='ocrx_word' id='word_1_265' title='bbox 588 3581 672 3633; x_wconf 86' lang='lat' dir='ltr'>illone</span> <span class='ocrx_word' id='word_1_266' title='bbox 691 3579 742 3633; x_wconf 81' lang='lat' dir='ltr'>No.</span> <span class='ocrx_word' id='word_1_267' title='bbox 762 3581 814 3633; x_wconf 82' lang='grc'>356</span> <span class='ocrx_word' id='word_1_268' title='bbox 832 3579 867 3647; x_wconf 75' lang='lat'>(2,</span> <span class='ocrx_word' id='word_1_269' title='bbox 887 3580 940 3647; x_wconf 77' lang='lat'>48.)</span> <span class='ocrx_word' id='word_1_270' title='bbox 966 3594 1034 3633; x_wconf 74' lang='lat' dir='ltr'>atas:</span> <span class='ocrx_word' id='word_1_271' title='bbox 1063 3577 1117 3632; x_wconf 86' lang='lat' dir='ltr'>Hs.</span> <span class='ocrx_word' id='word_1_272' title='bbox 1136 3595 1173 3633; x_wconf 76' lang='lat' dir='ltr'>au</span> <span class='ocrx_word' id='word_1_273' title='bbox 1190 3579 1338 3642; x_wconf 74' lang='lat' dir='ltr'>Matricltcn,</span> <span class='ocrx_word' id='word_1_274' title='bbox 1362 3580 1428 3633; x_wconf 88' lang='lat' dir='ltr'>Cim.</span> <span class='ocrx_word' id='word_1_275' title='bbox 1450 3575 1644 3633; x_wconf 68' lang='lat' dir='ltr'>lassasti.</span> 
     </span>
    </p>
   </div>
   <div class='ocr_carea' id='block_1_7' title="bbox 341 3647 1644 3790">
    <p class='ocr_par' dir='ltr' id='par_1_7' title="bbox 341 3647 1644 3790">
     <span class='ocr_line' id='line_1_34' title="bbox 341 3647 1644 3720; baseline -0.002 -16"><span class='ocrx_word' id='word_1_276' title='bbox 341 3653 393 3704; x_wconf 83' lang='lat' dir='ltr'>mit</span> <span class='ocrx_word' id='word_1_277' title='bbox 411 3649 546 3716; x_wconf 77' lang='lat' dir='ltr'>Naaman,</span> <span class='ocrx_word' id='word_1_278' title='bbox 567 3655 609 3702; x_wconf 75' lang='lat'>12.</span> <span class='ocrx_word' id='word_1_279' title='bbox 627 3650 727 3705; x_wconf 78' lang='lat' dir='ltr'>Jnlrrlr.</span> <span class='ocrx_word' id='word_1_280' title='bbox 747 3650 801 3718; x_wconf 76' lang='lat' dir='ltr'>(A).</span> <span class='ocrx_word' id='word_1_281' title='bbox 838 3648 890 3704; x_wconf 87' lang='lat' dir='ltr'>Hs.</span> <span class='ocrx_word' id='word_1_282' title='bbox 910 3666 947 3703; x_wconf 74' lang='lat' dir='ltr'>aa</span> <span class='ocrx_word' id='word_1_283' title='bbox 966 3648 1109 3720; x_wconf 77' lang='lat' dir='ltr'>Strtttparl</span> <span class='ocrx_word' id='word_1_284' title='bbox 1127 3649 1196 3705; x_wconf 83' lang='lat' dir='ltr'>Biul.</span> <span class='ocrx_word' id='word_1_285' title='bbox 1215 3655 1258 3704; x_wconf 81' lang='lat'>20.</span> <span class='ocrx_word' id='word_1_286' title='bbox 1278 3650 1296 3704; x_wconf 85' lang='lat' dir='ltr'>f.</span> <span class='ocrx_word' id='word_1_287' title='bbox 1316 3654 1358 3705; x_wconf 86' lang='lat'>71.</span> <span class='ocrx_word' id='word_1_288' title='bbox 1377 3647 1530 3702; x_wconf 70' lang='lat' dir='ltr'>raideri.</span> <span class='ocrx_word' id='word_1_289' title='bbox 1550 3648 1644 3716; x_wconf 74' lang='lat' dir='ltr'><strong>(B).-</strong></span> 
     </span>
     <span class='ocr_line' id='line_1_35' title="bbox 342 3720 1590 3790; baseline -0.002 -14"><span class='ocrx_word' id='word_1_290' title='bbox 342 3723 420 3778; x_wconf 71' lang='lat' dir='ltr'>Statu</span> <span class='ocrx_word' id='word_1_291' title='bbox 440 3724 512 3776; x_wconf 78' lang='lat' dir='ltr'>auca</span> <span class='ocrx_word' id='word_1_292' title='bbox 531 3724 568 3775; x_wconf 82' lang='lat' dir='ltr'>im</span> <span class='ocrx_word' id='word_1_293' title='bbox 588 3721 652 3776; x_wconf 77' lang='lat' dir='ltr'>Call.</span> <span class='ocrx_word' id='word_1_294' title='bbox 671 3720 809 3775; x_wconf 88' lang='lat' dir='ltr'>Rhcinau.</span> <span class='ocrx_word' id='word_1_295' title='bbox 830 3722 881 3775; x_wconf 89' lang='lat' dir='ltr'>No.</span> <span class='ocrx_word' id='word_1_296' title='bbox 903 3725 943 3776; x_wconf 83' lang='lat'>14.</span> <span class='ocrx_word' id='word_1_297' title='bbox 965 3722 981 3775; x_wconf 85' lang='lat' dir='ltr'>f.</span> <span class='ocrx_word' id='word_1_298' title='bbox 1003 3725 1045 3776; x_wconf 84' lang='grc'>64.</span> <span class='ocrx_word' id='word_1_299' title='bbox 1066 3723 1124 3777; x_wconf 74' lang='lat' dir='ltr'>used</span> <span class='ocrx_word' id='word_1_300' title='bbox 1142 3722 1208 3779; x_wconf 79' lang='lat' dir='ltr'>eod.</span> <span class='ocrx_word' id='word_1_301' title='bbox 1227 3724 1254 3776; x_wconf 89' lang='lat' dir='ltr'>S.</span> <span class='ocrx_word' id='word_1_302' title='bbox 1274 3721 1344 3777; x_wconf 86' lang='lat' dir='ltr'>Gall.</span> <span class='ocrx_word' id='word_1_303' title='bbox 1365 3724 1417 3777; x_wconf 78' lang='grc'>546</span> <span class='ocrx_word' id='word_1_304' title='bbox 1436 3720 1590 3790; x_wconf 81' lang='lat' dir='ltr'>(Brander).</span> 
     </span>
    </p>
   </div>
   <div class='ocr_carea' id='block_1_8' title="bbox 342 3809 1645 3952">
    <p class='ocr_par' dir='ltr' id='par_1_8' title="bbox 342 3809 1645 3952">
     <span class='ocr_line' id='line_1_36' title="bbox 413 3809 1645 3881; baseline -0.003 -17"><span class='ocrx_word' id='word_1_305' title='bbox 413 3811 439 3864; x_wconf 92' lang='lat' dir='ltr'>b.</span> <span class='ocrx_word' id='word_1_306' title='bbox 458 3810 643 3864; x_wconf 82' lang='lat' dir='ltr'>Lesarteu.</span> <span class='ocrx_word' id='word_1_307' title='bbox 681 3813 707 3875; x_wconf 84' lang='lat'>2,</span> <span class='ocrx_word' id='word_1_308' title='bbox 727 3813 752 3864; x_wconf 88' lang='grc'>4.</span> <span class='ocrx_word' id='word_1_309' title='bbox 772 3813 796 3863; x_wconf 80' lang='lat'>5.</span> <span class='ocrx_word' id='word_1_310' title='bbox 816 3809 884 3865; x_wconf 86' lang='lat' dir='ltr'>deus</span> <span class='ocrx_word' id='word_1_311' title='bbox 904 3811 986 3865; x_wconf 90' lang='lat' dir='ltr'>homo</span> <span class='ocrx_word' id='word_1_312' title='bbox 1005 3811 1036 3865; x_wconf 91' lang='lat' dir='ltr'>B.</span> <span class='ocrx_word' id='word_1_313' title='bbox 1062 3842 1095 3850; x_wconf 94' lang='lat'><em>—</em></span> <span class='ocrx_word' id='word_1_314' title='bbox 1121 3816 1146 3881; x_wconf 83' lang='lat'>3,</span> <span class='ocrx_word' id='word_1_315' title='bbox 1165 3815 1189 3866; x_wconf 85' lang='lat'>2.</span> <span class='ocrx_word' id='word_1_316' title='bbox 1211 3816 1235 3866; x_wconf 88' lang='lat'>3.</span> <span class='ocrx_word' id='word_1_317' title='bbox 1258 3827 1344 3879; x_wconf 86' lang='lat' dir='ltr'>opera</span> <span class='ocrx_word' id='word_1_318' title='bbox 1368 3811 1395 3864; x_wconf 94' lang='lat' dir='ltr'>iu</span> <span class='ocrx_word' id='word_1_319' title='bbox 1422 3825 1476 3863; x_wconf 93' lang='lat' dir='ltr'>una</span> <span class='ocrx_word' id='word_1_320' title='bbox 1494 3824 1578 3863; x_wconf 88' lang='lat' dir='ltr'>carne</span> <span class='ocrx_word' id='word_1_321' title='bbox 1595 3816 1645 3861; x_wconf 86' lang='lat' dir='ltr'>tue</span> 
     </span>
     <span class='ocr_line' id='line_1_37' title="bbox 342 3881 960 3952; baseline -0.002 -16"><span class='ocrx_word' id='word_1_322' title='bbox 342 3882 373 3936; x_wconf 92' lang='lat' dir='ltr'>B.</span> <span class='ocrx_word' id='word_1_323' title='bbox 394 3913 427 3922; x_wconf 91' lang='lat'>-</span> <span class='ocrx_word' id='word_1_324' title='bbox 446 3885 471 3948; x_wconf 81' lang='lat'>4,</span> <span class='ocrx_word' id='word_1_325' title='bbox 493 3886 516 3935; x_wconf 88' lang='lat'>1.</span> <span class='ocrx_word' id='word_1_326' title='bbox 536 3882 661 3952; x_wconf 87' lang='lat' dir='ltr'>similans</span> <span class='ocrx_word' id='word_1_327' title='bbox 681 3882 711 3934; x_wconf 90' lang='lat' dir='ltr'>B.</span> <span class='ocrx_word' id='word_1_328' title='bbox 732 3911 765 3920; x_wconf 94' lang='lat'>-</span> <span class='ocrx_word' id='word_1_329' title='bbox 785 3885 810 3949; x_wconf 77' lang='grc' dir='ltr'>ὅ,</span> <span class='ocrx_word' id='word_1_330' title='bbox 832 3885 854 3935; x_wconf 94' lang='lat' dir='ltr'>l.</span> <span class='ocrx_word' id='word_1_331' title='bbox 874 3881 912 3935; x_wconf 80' lang='lat' dir='ltr'>At</span> <span class='ocrx_word' id='word_1_332' title='bbox 930 3881 960 3935; x_wconf 90' lang='lat' dir='ltr'>B.</span> 
     </span>
    </p>
   </div>
   <div class='ocr_carea' id='block_1_9' title="bbox 412 3968 1530 4041">
    <p class='ocr_par' dir='ltr' id='par_1_9' title="bbox 412 3968 1530 4041">
     <span class='ocr_line' id='line_1_38' title="bbox 412 3968 1530 4041; baseline -0.003 -17"><span class='ocrx_word' id='word_1_333' title='bbox 412 3972 436 4024; x_wconf 88' lang='lat' dir='ltr'>b.</span> <span class='ocrx_word' id='word_1_334' title='bbox 457 3969 608 4039; x_wconf 22' lang='lat' dir='ltr'>Blemerlz</span> <span class='ocrx_word' id='word_1_335' title='bbox 648 3969 736 4023; x_wconf 70' lang='lat' dir='ltr'>Uellei·</span> <span class='ocrx_word' id='word_1_336' title='bbox 754 3970 806 4024; x_wconf 81' lang='lat' dir='ltr'>das</span> <span class='ocrx_word' id='word_1_337' title='bbox 824 3968 1026 4041; x_wconf 76' lang='lat' dir='ltr'>thytittaiecite</span> <span class='ocrx_word' id='word_1_338' title='bbox 1044 3977 1095 4025; x_wconf 88' lang='lat' dir='ltr'>etc.</span> <span class='ocrx_word' id='word_1_339' title='bbox 1114 3970 1223 4038; x_wconf 77' lang='lat' dir='ltr'>spricltt</span> <span class='ocrx_word' id='word_1_340' title='bbox 1240 3969 1360 4026; x_wconf 78' lang='lat' dir='ltr'>Bartsch</span> <span class='ocrx_word' id='word_1_341' title='bbox 1379 3969 1406 4024; x_wconf 81' lang='lat' dir='ltr'>S.</span> <span class='ocrx_word' id='word_1_342' title='bbox 1425 3973 1468 4023; x_wconf 81' lang='lat'>25.</span> <span class='ocrx_word' id='word_1_343' title='bbox 1487 3971 1530 4023; x_wconf 89' lang='lat'>39.</span> 
     </span>
    </p>
   </div>
   <div class='ocr_carea' id='block_1_10' title="bbox 633 4188 1360 4273">
    <p class='ocr_par' dir='ltr' id='par_1_10' title="bbox 633 4188 1360 4273">
     <span class='ocr_line' id='line_1_39' title="bbox 633 4188 1360 4273; baseline 0.001 -20"><span class='ocrx_word' id='word_1_344' title='bbox 633 4194 703 4254; x_wconf 78' lang='lat'><strong>230.</strong></span> <span class='ocrx_word' id='word_1_345' title='bbox 747 4188 799 4258; x_wconf 84' lang='lat' dir='ltr'>Dc</span> <span class='ocrx_word' id='word_1_346' title='bbox 814 4190 905 4256; x_wconf 78' lang='lat' dir='ltr'>lenta</span> <span class='ocrx_word' id='word_1_347' title='bbox 920 4191 1043 4273; x_wconf 78' lang='lat' dir='ltr'>rirpinc</span> <span class='ocrx_word' id='word_1_348' title='bbox 1058 4196 1192 4271; x_wconf 67' lang='lat' dir='ltr'>tempnere</span> <span class='ocrx_word' id='word_1_349' title='bbox 1200 4191 1360 4270; x_wconf 75' lang='lat' dir='ltr'>paschali.</span> 
     </span>
    </p>
   </div>
   <div class='ocr_carea' id='block_1_11' title="bbox 344 4323 1532 5085">
    <p class='ocr_par' dir='ltr' id='par_1_11' title="bbox 345 4323 1498 4828">
     <span class='ocr_line' id='line_1_40' title="bbox 345 4323 1371 4406; baseline 0.002 -17"><span class='ocrx_word' id='word_1_350' title='bbox 345 4333 371 4390; x_wconf 89' lang='lat' dir='ltr'>l.</span> <span class='ocrx_word' id='word_1_351' title='bbox 399 4323 590 4406; x_wconf 81' lang='lat' dir='ltr'>Resurgenti</span> <span class='ocrx_word' id='word_1_352' title='bbox 607 4328 662 4389; x_wconf 87' lang='lat' dir='ltr'>tun</span> <span class='ocrx_word' id='word_1_353' title='bbox 677 4331 753 4390; x_wconf 86' lang='lat' dir='ltr'>natu</span> <span class='ocrx_word' id='word_1_354' title='bbox 1072 4324 1159 4389; x_wconf 83' lang='lat' dir='ltr'>Voce</span> <span class='ocrx_word' id='word_1_355' title='bbox 1174 4325 1371 4391; x_wconf 88' lang='lat' dir='ltr'>iubilationis</span> 
     </span>
     <span class='ocr_line' id='line_1_41' title="bbox 399 4408 1456 4491; baseline 0.003 -19"><span class='ocrx_word' id='word_1_356' title='bbox 399 4408 503 4475; x_wconf 84' lang='lat' dir='ltr'>Mater</span> <span class='ocrx_word' id='word_1_357' title='bbox 519 4408 645 4491; x_wconf 81' lang='lat' dir='ltr'>plaude,</span> <span class='ocrx_word' id='word_1_358' title='bbox 662 4409 716 4490; x_wconf 89' lang='lat' dir='ltr'>qui</span> <span class='ocrx_word' id='word_1_359' title='bbox 730 4416 892 4490; x_wconf 85' lang='lat' dir='ltr'>prostrato</span> <span class='ocrx_word' id='word_1_360' title='bbox 1072 4410 1141 4473; x_wconf 88' lang='lat' dir='ltr'>iarn</span> <span class='ocrx_word' id='word_1_361' title='bbox 1157 4410 1196 4474; x_wconf 88' lang='lat' dir='ltr'>de</span> <span class='ocrx_word' id='word_1_362' title='bbox 1212 4410 1456 4475; x_wconf 83' lang='lat' dir='ltr'>resurrectionis</span> 
     </span>
     <span class='ocr_line' id='line_1_42' title="bbox 398 4492 1388 4577; baseline 0 -20"><span class='ocrx_word' id='word_1_363' title='bbox 398 4494 525 4575; x_wconf 81' lang='lat' dir='ltr'>Regnat</span> <span class='ocrx_word' id='word_1_364' title='bbox 539 4492 650 4558; x_wconf 82' lang='lat' dir='ltr'>inertis</span> <span class='ocrx_word' id='word_1_365' title='bbox 666 4494 821 4577; x_wconf 84' lang='lat' dir='ltr'>principe:</span> <span class='ocrx_word' id='word_1_366' title='bbox 1071 4493 1247 4559; x_wconf 88' lang='lat' dir='ltr'>incundare</span> <span class='ocrx_word' id='word_1_367' title='bbox 1262 4494 1388 4575; x_wconf 84' lang='lat' dir='ltr'>gaudie.</span> 
     </span>
     <span class='ocr_line' id='line_1_43' title="bbox 399 4576 1498 4660; baseline -0.001 -18"><span class='ocrx_word' id='word_1_368' title='bbox 399 4578 503 4642; x_wconf 70' lang='lat' dir='ltr'>&#39;l‘unnr</span> <span class='ocrx_word' id='word_1_369' title='bbox 518 4578 607 4659; x_wconf 84' lang='lat' dir='ltr'>virga</span> <span class='ocrx_word' id='word_1_370' title='bbox 623 4596 704 4657; x_wconf 75' lang='lat' dir='ltr'>pinne</span> <span class='ocrx_word' id='word_1_371' title='bbox 719 4578 849 4659; x_wconf 82' lang='lat' dir='ltr'>luctum,</span> <span class='ocrx_word' id='word_1_372' title='bbox 1017 4582 1046 4643; x_wconf 89' lang='lat'>3.</span> <span class='ocrx_word' id='word_1_373' title='bbox 1073 4576 1273 4656; x_wconf 70' lang='lat' dir='ltr'>crucifixum,</span> <span class='ocrx_word' id='word_1_374' title='bbox 1289 4579 1344 4660; x_wconf 89' lang='lat' dir='ltr'>qni</span> <span class='ocrx_word' id='word_1_375' title='bbox 1360 4579 1498 4644; x_wconf 76' lang='lat' dir='ltr'>surrexit</span> 
     </span>
     <span class='ocr_line' id='line_1_44' title="bbox 399 4660 1490 4745; baseline 0.001 -18"><span class='ocrx_word' id='word_1_376' title='bbox 399 4662 507 4728; x_wconf 84' lang='lat' dir='ltr'>Iesum</span> <span class='ocrx_word' id='word_1_377' title='bbox 522 4662 643 4728; x_wconf 82' lang='lat' dir='ltr'>ventris</span> <span class='ocrx_word' id='word_1_378' title='bbox 659 4662 706 4728; x_wconf 90' lang='lat' dir='ltr'>tui</span> <span class='ocrx_word' id='word_1_379' title='bbox 721 4660 859 4729; x_wconf 83' lang='lat' dir='ltr'>fructum</span> <span class='ocrx_word' id='word_1_380' title='bbox 1072 4661 1118 4727; x_wconf 85' lang='lat' dir='ltr'>Te</span> <span class='ocrx_word' id='word_1_381' title='bbox 1132 4662 1278 4744; x_wconf 87' lang='lat' dir='ltr'>sepulcre</span> <span class='ocrx_word' id='word_1_382' title='bbox 1293 4668 1388 4745; x_wconf 86' lang='lat' dir='ltr'>teque</span> <span class='ocrx_word' id='word_1_383' title='bbox 1405 4664 1490 4728; x_wconf 80' lang='lat' dir='ltr'>rexit</span> 
     </span>
     <span class='ocr_line' id='line_1_45' title="bbox 398 4744 1330 4828; baseline 0.003 -19"><span class='ocrx_word' id='word_1_384' title='bbox 398 4744 584 4811; x_wconf 81' lang='lat' dir='ltr'>Rediuiuum</span> <span class='ocrx_word' id='word_1_385' title='bbox 602 4748 737 4828; x_wconf 84' lang='lat' dir='ltr'>suscipe.</span> <span class='ocrx_word' id='word_1_386' title='bbox 1073 4744 1138 4811; x_wconf 83' lang='lat' dir='ltr'>Sua</span> <span class='ocrx_word' id='word_1_387' title='bbox 1152 4746 1184 4810; x_wconf 95' lang='lat' dir='ltr'>in</span> <span class='ocrx_word' id='word_1_388' title='bbox 1199 4748 1330 4828; x_wconf 86' lang='lat' dir='ltr'>palatia,</span> 
     </span>
    </p>

    <p class='ocr_par' dir='ltr' id='par_1_12' title="bbox 344 4829 1532 5085">
     <span class='ocr_line' id='line_1_46' title="bbox 344 4829 1532 4915; baseline 0 -18"><span class='ocrx_word' id='word_1_389' title='bbox 344 4835 374 4897; x_wconf 88' lang='lat'>2.</span> <span class='ocrx_word' id='word_1_390' title='bbox 398 4830 503 4896; x_wconf 87' lang='lat' dir='ltr'>Morte</span> <span class='ocrx_word' id='word_1_391' title='bbox 518 4831 616 4912; x_wconf 81' lang='lat' dir='ltr'>prolis</span> <span class='ocrx_word' id='word_1_392' title='bbox 632 4833 782 4913; x_wconf 83' lang='lat' dir='ltr'>cruciata,</span> <span class='ocrx_word' id='word_1_393' title='bbox 1073 4829 1174 4896; x_wconf 85' lang='lat' dir='ltr'>Nobis</span> <span class='ocrx_word' id='word_1_394' title='bbox 1188 4831 1290 4912; x_wconf 87' lang='lat' dir='ltr'>placa,</span> <span class='ocrx_word' id='word_1_395' title='bbox 1306 4832 1532 4915; x_wconf 72' lang='lat' dir='ltr'>supplicamus</span> 
     </span>
     <span class='ocr_line' id='line_1_47' title="bbox 400 4913 1495 4999; baseline 0.005 -21"><span class='ocrx_word' id='word_1_396' title='bbox 400 4914 503 4979; x_wconf 85' lang='lat' dir='ltr'>Corde</span> <span class='ocrx_word' id='word_1_397' title='bbox 518 4913 587 4979; x_wconf 88' lang='lat' dir='ltr'>dire</span> <span class='ocrx_word' id='word_1_398' title='bbox 602 4917 745 4983; x_wconf 73' lang='lat' dir='ltr'>salariata</span> <span class='ocrx_word' id='word_1_399' title='bbox 1073 4915 1255 4999; x_wconf 84' lang='lat' dir='ltr'>Apeccatis</span> <span class='ocrx_word' id='word_1_400' title='bbox 1270 4922 1306 4981; x_wconf 90' lang='lat' dir='ltr'>ut</span> <span class='ocrx_word' id='word_1_401' title='bbox 1325 4934 1495 4998; x_wconf 86' lang='lat' dir='ltr'>surgamus</span> 
     </span>
     <span class='ocr_line' id='line_1_48' title="bbox 399 4999 1410 5085; baseline 0.001 -17"><span class='ocrx_word' id='word_1_402' title='bbox 399 4999 561 5068; x_wconf 87' lang='lat' dir='ltr'>Passionis</span> <span class='ocrx_word' id='word_1_403' title='bbox 576 5001 699 5082; x_wconf 80' lang='lat' dir='ltr'>gladie:</span> <span class='ocrx_word' id='word_1_404' title='bbox 1072 4999 1410 5085; x_wconf 82' lang='lat' dir='ltr'>Adaeternagaudia.</span> 
     </span>
    </p>
   </div>
   <div class='ocr_carea' id='block_1_12' title="bbox 0 0 1992 5800">
    <p class='ocr_par' dir='ltr' id='par_1_13' title="bbox 0 0 1992 5800">
     <span class='ocr_line' id='line_1_49' title="bbox 0 0 1992 5800; baseline 0 2"><span class='ocrx_word' id='word_1_405' title='bbox 0 0 1992 5800; x_wconf 95' lang='lat' dir='ltr'> </span> 
     </span>
    </p>
   </div>
  </div>
 </body>
</html>
