3975 5800
891 549 1102 613 ..36-

342 731 371 793 3.
397 726 613 807 Evaluctum,
630 725 871 794 vitaefrnctnm
1037 730 1068 790 8.
1088 725 1162 805 Cur,
1177 723 1262 806 qnod
1277 722 1367 806 virgo
1382 726 1516 808 peperit,

397 811 497 892 Virgo
513 810 655 892 gaudens
670 809 780 888 edidit,
1086 809 1147 875 Est
1160 808 1289 875 ludaeis
1307 810 1517 875 scandalum?

398 896 465 961 Nec
482 895 619 976 sigillum
635 902 766 978 propter
780 895 871 960 illum
1087 893 1167 958 Cum
1181 893 1271 974 virgo
1285 893 1473 975 produxerit

398 979 566 1045 Castitatis
581 980 731 1061 perdidit.
1088 977 1177 1043 Sicca
1192 978 1238 1042 sic
1252 977 1466 1060 amygdalum.

342 1067 371 1127 4.
398 1063 431 1129 Si
447 1063 618 1146 crystallus
634 1064 677 1128 sit
691 1062 839 1128 humecta
1037 1065 1066 1125 9.
1086 1062 1346 1143 Contemplemur
1360 1062 1465 1128 adhuc
1479 1079 1605 1144 nucem,

396 1149 503 1229 Atque
520 1148 581 1213 soli
595 1147 638 1212 sit
652 1148 787 1231 obiecta,
1085 1146 1550 1229 Namprolatanuxinlucem

398 1231 560 1297 Scintillat
573 1232 764 1312 igniculum:
1086 1230 1181 1296 Lucis
1196 1235 1247 1295 est
1262 1231 1466 1313 mysterium:

398 1316 464 1382 Nec
479 1315 650 1398 crystallus
665 1315 833 1397 rumpitur,
1086 1315 1215 1380 Trinam
1229 1332 1344 1396 gerens
1360 1315 1510 1381 unionem

397 1401 465 1466 Nec
480 1401 513 1464 in
528 1404 623 1482 partu
638 1399 774 1465 solvitur
1086 1399 1162 1464 Tria
1177 1397 1315 1465 confert:
1338 1400 1530 1478 unctionem,

397 1484 534 1549 Pudoris
550 1484 759 1566 signaculum.
1085 1483 1208 1548 Lumen
1222 1488 1255 1548 et
1270 1482 1419 1548 edulium.

343 1571 372 1630 5.
400 1570 502 1650 Super
516 1569 575 1634 tali
590 1568 740 1650 genitura
1019 1568 1067 1631 10.
1086 1567 1159 1633 Nux
1174 1573 1225 1633 est
1239 1566 1396 1647 Christus,
1412 1571 1521 1634 cortex
1535 1566 1630 1634 nuds

398 1655 515 1732 Stupet
529 1670 607 1718 usus
622 1657 656 1717 et
669 1657 786 1717 natura
1086 1651 1179 1718 Circa
1193 1668 1321 1717 carnem
1334 1670 1437 1733 poena
1452 1651 1565 1732 crucis,

399 1736 578 1819 Deficitqne
592 1737 693 1801 ratio:
1086 1735 1183 1801 Testa
1196 1735 1464 1817 corpusossium:

397 1822 463 1886 Res
478 1827 529 1886 est
542 1819 724 1898 ineffabilis,
1088 1819 1191 1886 Carne
1205 1825 1292 1884 tecta
1307 1820 1410 1886 deitas

397 1906 477 1970 Tam
491 1905 553 1987 pia,
568 1909 634 1969 tam
650 1903 779 1969 humilis
1086 1903 1420 1970 EtOhristisuavitas

397 1989 518 2055 Christi
533 1989 708 2071 generatio.
1086 1989 1481 2071 Signaturpernucleum.

342 2072 371 2135 6.
396 2073 562 2151 Frondem,
576 2072 696 2153 florem,
711 2090 834 2153 nucem,
855 2072 949 2154 sicca,
1019 2073 1066 2141 11,
1085 2073 1155 2137 Lux
1169 2077 1220 2138 est
1234 2071 1338 2138 caecis
1353 2077 1386 2137 et
1400 2076 1610 2154 unguentum,

397 2159 498 2238 Virga
512 2156 637 2239 profert
653 2165 686 2223 et
699 2156 816 2239 pudica
1087 2157 1233 2222 Christus
1249 2157 1354 2237 aegris
1369 2161 1402 2221 et
1415 2155 1594 2221 lomentum

397 2244 498 2322 Virgo
514 2243 574 2307 Dei
589 2241 699 2307 filium.
1085 2241 1152 2306 Piis
1167 2240 1375 2306 animalibus:

398 2328 475 2391 Fert
489 2327 659 2391 coelestem
674 2325 776 2390 vellus
791 2342 897 2390 rorem
1086 2325 1113 2391 0
1129 2343 1223 2407 quam
1239 2324 1329 2390 dulce
1344 2327 1581 2391 sacramentum

399 2411 746 2475 Creaturacreatorem
1085 2409 1606 2475 Foenumcarnisinirumentum

399 2492 772 2574 ereaturaepretium.⁴
1087 2492 1425 2559 Convertitfidelibus.

344 2576 373 2633 7·
398 2579 544 2656 Fraudis,
559 2575 656 2654 floris,
672 2576 773 2656 nucis,
788 2574 871 2641 roris
1020 2584 1068 2644 12.
1088 2577 1175 2656 Quos
1191 2576 1251 2642 sub
1266 2576 1379 2643 umbra
1393 2575 1585 2643 sacramenti

400 2663 518 2728 Pietati
533 2661 702 2728 salvatoris
1087 2662 1163 2728 lesu
1177 2661 1281 2744 pascis
1294 2663 1328 2727 in
1342 2660 1504 2745 praesenti

400 2745 589 2828 Congruuut
603 2746 773 2828 mysteria:
1088 2746 1157 2812 Tuo
1172 2747 1263 2811 vultu
1275 2747 1375 2812 satia:

398 2831 501 2896 Frons
518 2835 567 2895 est
582 2830 728 2895 Christus
743 2829 950 2912 protegendo,
1087 2830 1245 2914 Splendor
1259 2831 1345 2914 patri
1361 2833 1529 2894 coaeterne

399 2916 475 2980 Flos
491 2914 630 2996 dulcore,
646 2915 896 2997 nuxpascando,
1087 2914 1154 2980 Nos
1167 2915 1241 2980 hinc
1255 2914 1394 2981 transfer
1415 2915 1456 2981 ad
1469 2916 1628 2996 paternae

399 2999 464 3065 Ros
480 3000 610 3066 coelesti
625 3000 739 3081 gratia.
1089 2998 1253 3065 claritatis
1268 3000 1395 3082 gaudia.
1424 3000 1535 3065 Amen.

415 3141 441 3179 a.
460 3124 556 3180 Text.
593 3123 792 3194 claimant,
812 3127 873 3179 162.
892 3153 927 3165 -
946 3123 1068 3180 Darasa
1087 3125 1131 3179 bei
1148 3124 1250 3180 Daniel
1268 3126 1305 3195 Π,
1322 3127 1365 3181 66.

415 3213 440 3267 b.
460 3212 595 3269 Lesart.
631 3216 659 3281 4,
679 3216 703 3268 4.
723 3213 885 3284 crystallum
904 3213 976 3268 Dan.

416 3317 438 3355 c.
456 3299 612 3356 Bemcrlr.
648 3302 731 3371 „Nux
749 3303 812 3371 ipsa
830 3300 970 3357 sensibilis
989 3301 1044 3355 tria
1063 3301 1092 3355 in
1111 3317 1140 3357 se
1159 3302 1350 3372 complectitur
1367 3304 1397 3357 in
1415 3317 1499 3357 unam
1519 3300 1653 3370 quodam·

343 3371 425 3427 modo
445 3380 589 3442 compacta
606 3380 694 3429 totam
712 3374 905 3440 substantiam,
934 3378 1032 3440 utpote
1060 3373 1189 3428 corticem
1216 3375 1391 3442 exteriorem,
1418 3380 1519 3431 testam
1546 3373 1654 3427 cortice

348 3444 495 3513 obtectam,
515 3452 543 3500 et
562 3445 688 3500 nucleum
707 3452 781 3500 testa
801 3445 993 3500 occlusum...
1013 3443 1067 3497 Per
1086 3450 1172 3499 totam
1190 3460 1289 3501 nucem
1307 3447 1463 3501 insinnatur
1473 3445 1602 3502 Christus
1621 3444 1654 3498 in

345 3528 375 3568 se
394 3532 449 3569 nno
469 3516 603 3583 geminam
622 3516 806 3584 complectens
824 3522 962 3570 usturam.
1001 3514 1055 3569 Per
1073 3516 1211 3585 corticem,
1231 3533 1302 3585 quaa
1320 3533 1423 3586 aspera
1440 3525 1484 3573 est
1502 3524 1652 3570 etamaru·

343 3584 413 3640 lenti
432 3588 517 3653 succi,
537 3588 663 3655 signatur
681 3587 819 3642 acerbitas
837 3587 978 3655 passionis
998 3592 1027 3639 et
1045 3586 1158 3654 mortis;
1182 3602 1232 3657 per
1250 3595 1350 3644 testam
1376 3604 1442 3643 varo
1462 3586 1653 3644 duriusculum

345 3663 374 3712 et
392 3658 496 3711 uertice
515 3658 727 3726 circumseptam
747 3656 920 3727 significatur
937 3658 1060 3710 humana
1075 3658 1179 3712 Christi
1198 3666 1299 3714 natura
1318 3661 1425 3715 acerbis
1444 3659 1584 3730 passionis
1602 3657 1653 3712 do·

347 3728 454 3783 loribus
483 3728 618 3795 exposita.
655 3729 781 3795 Denique
807 3742 857 3798 per
884 3727 1014 3781 nucleum
1042 3727 1247 3785 delitescentem
1274 3732 1302 3785 in
1329 3738 1403 3786 testa
1420 3736 1653 3801 repraesentatur

345 3799 543 3868 angustissima
562 3800 664 3854 Christi
692 3799 824 3854 divinitas
851 3798 990 3855 occultata
1017 3798 1046 3853 in
1070 3815 1154 3854 carne
1172 3807 1200 3855 et
1217 3802 1386 3858 circumdata
1409 3804 1486 3857 illius
1503 3800 1652 3857 velamine.

344 3870 397 3927 Est
418 3870 489 3925 enim
508 3871 538 3926 in
555 3872 655 3926 nucleo
673 3884 759 3940 sapor
777 3869 924 3925 admodum
943 3869 1037 3925 suasis
1055 3876 1084 3926 et
1101 3878 1249 3942 pergratus
1268 3873 1442 3930 edentibus.“
1478 3873 1652 3931 Glichtov.

566 4181 616 4240 22.
660 4174 832 4241 Dominioa
845 4174 937 4261 iufra
952 4182 1078 4243 octavos
1091 4178 1268 4244 unitatatis
1282 4178 1427 4244 Domini.

347 4316 374 4375 1.
401 4308 484 4373 Ante
499 4308 649 4372 thronum
664 4308 853 4385 virginalem
1076 4309 1173 4375 Redit
1186 4310 1227 4375 ad
1242 4312 1410 4380 coelestia:

400 4393 562 4474 Hymnum
578 4392 665 4456 dicat
679 4391 857 4471 spiritalem
1075 4393 1153 4458 Fide
1169 4394 1247 4459 duce
1264 4396 1454 4477 inquiratur,

399 4475 463 4540 Per
478 4478 585 4541 orbem
602 4474 753 4540 ecclesia:
1075 4476 1228 4557 Diligenti
1246 4480 1405 4545 referatur

398 4560 437 4624 In
451 4577 514 4640 quo
530 4560 623 4637 iacet,
640 4559 724 4623 sicut
737 4558 854 4638 placet,
1076 4559 1189 4625 Studio
1203 4580 1260 4644 per
1276 4564 1411 4646 singula.

399 4643 542 4708 Verbum
557 4643 661 4724 patris
676 4660 755 4709 snae
769 4643 882 4708 matris
1019 4648 1048 4707 3.
1074 4643 1157 4719 Quid
1173 4645 1212 4709 de
1227 4651 1328 4712 matre
1344 4647 1557 4730 praedicetur,

401 4725 675 4807 Salvbpudicitib.
1074 4726 1159 4804 Quid
1173 4728 1213 4793 de
1228 4731 1325 4797 verbo
1340 4735 1495 4798 recitetur

345 4818 373 4877 2.
401 4809 901 4878 Perhocverbumincarnatum
1072 4811 1135 4877 Per
1149 4819 1259 4879 uatum
1273 4816 1410 4882 oracula.

400 4894 510 4962 Genus
524 4893 613 4960 Adae
628 4904 814 4976 reparatum
1072 4898 1090 4935 *
1132 4897 1149 4935 *
1191 4899 1209 4936 *
