3975 5800
853 600 1085 664 -155-

606 784 676 846 194.
719 779 762 845 In
783 780 951 847 nativitate
972 780 1000 847 b.
1022 782 1157 863 vireium
1179 780 1322 848 Mariae.

312 919 341 979 1.
367 913 529 980 Nativitas
546 912 669 979 Mariae
682 913 814 995 virginis

367 996 457 1076 Quae
471 1016 529 1063 uos
543 998 623 1064 lavit
638 1016 658 1061 a
672 998 745 1065 labe
759 999 898 1065 criminis

367 1081 557 1149 Celebratur
570 1082 665 1147 hodie

367 1166 444 1233 Dies
459 1172 510 1232 est
527 1166 689 1232 laeticiae:

367 1250 416 1317 De
429 1249 538 1316 radice
552 1251 641 1316 Iesse
655 1251 839 1333 propaginis

366 1335 459 1401 Hanc
473 1335 583 1401 eduxit
598 1334 645 1400 sol
660 1338 726 1400 veri
741 1334 869 1399 luminis

367 1419 465 1486 Manu
480 1419 655 1501 sapientiae

366 1503 531 1586 Templum
547 1520 625 1569 suae
639 1503 773 1584 gratiae.

310 1587 342 1648 2.
367 1585 469 1654 Stella
481 1606 566 1654 nova
581 1587 706 1653 noviter
719 1587 821 1651 oritur

367 1670 465 1739 Cuius
479 1679 552 1737 ortu
567 1689 652 1737 mors
668 1678 776 1736 nostra
794 1670 938 1750 moritur,

367 1756 454 1821 Evae
469 1756 579 1838 lapsus
593 1755 656 1821 iam
673 1755 856 1820 restituitur

366 1840 404 1906 In
419 1840 539 1906 Maria:

366 1922 412 1989 Ut
426 1941 543 1990 aurora
558 1940 693 2005 surgens
708 1921 913 2006 progreditur

366 2005 457 2075 Sicut
471 2009 549 2074 luna
562 2007 697 2088 pulchra
711 2006 903 2072 describitur

368 2098 472 2177 super
486 2105 617 2159 cunctas
632 2098 669 2157 ut
683 2092 731 2157 sol
747 2090 876 2172 eligitur

367 2177 467 2260 Virgo
481 2176 546 2261 pia.

309 2258 340 2319 3·
365 2260 465 2344 Virgo
480 2266 632 2327 meteret
647 2259 736 2341 virgo
751 2260 853 2339 unica,

365 2345 467 2428 Virga
481 2344 560 2411 turni
574 2343 632 2411 sed
645 2345 829 2421 aromatica,

364 2429 403 2496 In
416 2437 451 2496 te
465 2429 544 2496 coeli
558 2428 732 2511 mundique
747 2427 868 2494 fabrice

365 2513 545 2581 Gloriatur:

365 2596 593 2681 'resignarunt
607 2615 664 2662 ora
678 2595 865 2680 prophetica

986 921 1016 983 4.
1044 916 1181 982 Verbum
1191 917 1292 998 patris
1301 934 1452 999 processu
1461 919 1613 999 temporis

990 1041 992 1045 -
1043 1000 1133 1065 lutra
1147 1003 1195 1065 tui
1210 1010 1367 1066 secretum
1382 1003 1522 1082 corporis

1042 1085 1079 1149 ln
1096 1092 1128 1149 10
1143 1091 1246 1150 toturn
1262 1090 1295 1150 et
1310 1091 1413 1151 totum
1428 1084 1546 1150 deforis

1042 1168 1143 1233 Simul
1158 1167 1234 1234 fuit:

1041 1252 1179 1318 Fructus
1196 1255 1300 1318 virens
1315 1253 1434 1319 arentis
1450 1252 1572 1318 arboris

1042 1335 1189 1403 Christus
1204 1356 1305 1419 gygas
1324 1338 1469 1402 immensi
1489 1338 1613 1403 notioris

1044 1421 1109 1486 Nos
1125 1440 1144 1486 a
1159 1440 1239 1486 nexu
1255 1422 1374 1487 funesti
1388 1422 1531 1503 pignoris

1041 1505 1178 1589 Eripuit.

985 1592 1014 1652 5.
1042 1588 1213 1654 condoluit
1227 1590 1364 1654 humano
1379 1592 1487 1670 generi

1042 1673 1217 1755 Virginalis
1231 1673 1315 1739 lilius
1330 1674 1424 1751 uteri,

1041 1761 1258 1839 Accingautor
1272 1776 1366 1822 senes
1380 1764 1413 1822 et
1427 1759 1517 1840 pueri

1041 1841 1090 1906 Ad
1105 1842 1232 1908 laudern
1250 1842 1397 1922 virginis:

1042 1926 1103 2003 Qui
1118 1934 1245 2009 poterat
1259 1927 1299 1990 de
1314 1927 1404 1991 nobis
1419 1928 1569 2007 conqueri

1042 2011 1102 2075 Pro
1117 2017 1247 2091 peccato
1263 2017 1431 2092 parentum
1446 2016 1545 2075 veteri

1041 2094 1198 2159 Mediator
1214 2095 1315 2160 voluit
1327 2095 1396 2159 lieri

1041 2179 1100 2244 Dei
1116 2186 1149 2244 et
1162 2178 1313 2244 hominis:

985 2263 1014 2323 6.
1042 2263 1067 2327 0
1085 2263 1189 2328 Mario
1203 2264 1294 2328 dulce
1310 2265 1527 2327 commercium

1042 2347 1132 2413 Intra
1147 2355 1238 2412 tuum
1253 2348 1365 2412 celasti
1379 2349 1535 2428 gremium

1041 2431 1111 2508 Quo
1127 2432 1241 2498 salutis
1256 2434 1319 2496 reis
1334 2432 1509 2496 remedium

1039 2515 1247 2598 Indulgetur:

1041 2600 1066 2664 0
1085 2620 1160 2666 vera
1174 2618 1247 2682 spes
1262 2606 1296 2663 et
1310 2616 1419 2664 verum
1434 2600 1585 2680 gaudium

364 2680 438 2749 Tibi
451 2681 538 2748 canit
552 2681 701 2748 Salomon
716 2683 841 2746 cantica
1040 2685 1271 2766 Faepostvitae
1278 2685 1611 2765 praesentisstadiuru

363 2765 578 2846 Gaudcorum,
593 2772 626 2831 te
641 2784 701 2830 vox
716 2766 861 2846 angelica
1041 2768 1086 2834 Ut
1101 2774 1246 2851 optatum
1261 2769 1294 2832 in
1309 2769 1405 2832 coelis
1423 2770 1565 2833 bravium

362 2850 576 2919 Protestatnr.
1040 2853 1140 2920 Nobis
1155 2854 1259 2920 detur.
1289 2855 1400 2918 Arnen.

380 2977 406 3017 a.
423 2959 520 3015 Text.
556 2959 634 3017 Miss.
654 2959 734 3016 fratr.
756 2959 845 3015 Paris.
867 2963 936 3017 1620
954 2964 1009 3034 (Δ).
1046 2964 1179 3020 Glichtor.
1198 2962 1245 3030 IV,
1264 2964 1325 3016 246.
1345 2961 1398 3031 (Β).
1418 2961 1483 3018 (lod.
1503 2962 1530 3017 S.
1540 2960 1611 3016 Gall.

308 3032 420 3103 64616,
438 3031 590 3101 ,4601111111
607 3032 748 3087 vadante
764 3033 811 3087 icti
829 3029 866 3085 H.
885 3033 997 3105 Morel).

378 3120 405 3175 b.
424 3119 606 3176 Leearten.
645 3124 669 3188 1,
688 3124 713 3175 2.
732 3120 808 3177 lavat
826 3121 855 3176 C.
876 3149 911 3162 -·
932 3126 954 3191 1,
973 3127 1000 3179 6.
1019 3122 1181 3177 celebrator
1200 3119 1231 3174 B.
1259 3148 1293 3159 -
1320 3123 1343 3189 1,
1362 3121 1387 3173 7.
1414 3135 1472 3188 sap.
1492 3136 1559 3175 suae
1578 3121 1610 3176 Τ.

342 3231 349 3247 .
369 3192 399 3249 0.
417 3222 452 3234 -
470 3196 496 3262 2,
514 3195 541 3247 ³.
559 3191 713 3248 destruitur
732 3193 761 3247 C.
781 3222 815 3233 -
833 3195 860 3259 2,
879 3197 904 3247 6.
923 3194 1065 3263 egreditur
1085 3195 1113 3248 C.
1124 3195 1193 3260 -2‚
1204 3195 1229 3246 6.
1249 3191 1334 3246 Velut
1350 3192 1378 3247 C.
1390 3195 1458 3260 -2,
1470 3197 1495 3246 7.
1511 3202 1611 3247 cuncta

357 3293 393 3306 -
410 3265 437 3334 6,
457 3267 481 3318 1.
500 3263 534 3319 V.
553 3263 675 3319 clemens
695 3265 724 3319 C.
744 3293 777 3305 -
797 3268 822 3317 5.
835 3263 912 3332 sedit
930 3266 959 3321 C.
979 3296 1014 3306 -
1032 3269 1059 3330 5,
1078 3268 1103 3319 6.
1122 3265 1213 3332 potuit
1231 3262 1263 3316 B.
1286 3292 1313 3302 -
1335 3267 1361 3330 6,
1380 3267 1404 3317 6.
1423 3266 1548 3333 parentis
1566 3280 1610 3318 ve·

308 3335 379 3393 reri·
396 3333 429 3392 B.
448 3364 483 3377 -
502 3338 529 3405 6,
547 3338 573 3390 2.
592 3335 685 3390 quat
701 3345 729 3391 te
748 3336 868 3392 coeleste
886 3335 918 3389 B.
939 3368 973 3377 -
991 3339 1017 3406 6,
1036 3341 1061 3392 6.
1081 3335 1104 3390 0
1123 3351 1188 3404 spes
1206 3350 1273 3390 vera
1289 3333 1320 3387 B.
1344 3350 1438 3391 varum
1451 3335 1573 3403 sedite.

588 3660 657 3722 195.
700 3654 766 3721 Per
787 3662 930 3724 00100001
952 3655 1130 3724 antistatis
1151 3653 1196 3721 B.
1218 3653 1269 3720 M.
1293 3653 1327 3720 V.

1036 3794 1123 3859 Haec
1137 3811 1271 3875 yssopus
1289 3792 1427 3873 humilis,

1035 3878 1097 3944 llla
1111 3876 1224 3943 cedrus
1240 3876 1367 3958 nobilis,

1035 3961 1181 4044 Utraque
1196 3959 1329 4027 vivifica.

977 4054 1006 4117 4.
1034 4045 1161 4112 Positus
1176 4046 1209 4110 in
1226 4044 1338 4124 medio,

1034 4130 1103 4208 Quo
1118 4148 1169 4194 me
1183 4140 1306 4195 vertam
1321 4131 1444 4194 nescio:

1034 4216 1072 4281 ln
1086 4214 1147 4279 hoc
1161 4214 1246 4278 dulci
1262 4213 1360 4278 dubio

1033 4299 1145 4364 Dulcis
1159 4307 1209 4364 est
1225 4298 1364 4364 collatio.

1032 4382 1103 4461 llic,
1118 4384 1301 4464 complexus
1317 4381 1463 4463 brachiis,

1035 4467 1139 4533 Modis
1155 4467 1244 4549 vagit
1258 4467 1373 4532 variis:

1032 4551 1094 4616 Hic
1107 4550 1252 4617 extendit
1265 4549 1405 4623 brachia,

1033 4636 1247 4719 Amplermrus
1262 4634 1377 4699 omnia.

977 4725 1006 4784 5.
1032 4719 1148 4785 Carum
1163 4724 1265 4785 mater
1280 4726 1388 4784 terrem

1031 4803 1129 4869 Novit
1142 4804 1194 4870 lrie
1207 4814 1335 4870 tenere:

310 3805 339 3865 1.
362 3793 499 3878 lignum
514 3794 599 3860 vitae
613 3793 804 3876 quaerimus,

363 3877 425 3958 Qui
438 3881 537 3947 vitam
552 3878 716 3944 amisimus

360 3962 481 4030 Fructu
496 3961 576 4044 ligni
590 3963 696 4028 vetiti:

361 4046 429 4114 Nec
442 4048 607 4113 inuentum
622 4047 748 4112 noverit

361 4129 423 4210 Qui
437 4130 577 4197 fructum
591 4149 654 4196 nou
668 4131 785 4197 viderit

360 4215 597 4282 Adhaerentern
611 4216 724 4298 stipiti.

306 4303 336 4365 2.
361 4298 509 4380 Fuimus,
524 4317 582 4384 per
597 4317 690 4382 quern
704 4298 831 4379 vivitur,

359 4383 492 4464 Pendet,
507 4388 591 4450 sicut
604 4383 755 4462 creditur,

360 4469 503 4552 Virginis
518 4468 559 4535 ad
575 4469 691 4534 ubera:

360 4552 403 4619 Et
417 4553 460 4620 ad
473 4569 598 4619 crucem
615 4553 732 4619 iterum

359 4636 449 4705 Inter
462 4638 549 4703 viros
563 4637 718 4703 scelerum

359 4721 478 4789 Passus
493 4723 632 4805 quinque
647 4719 787 4786 vulnera.

303 4811 334 4873 3.
358 4804 449 4874 Haec
463 4805 562 4888 Virgo
577 4823 659 4888 puer
700 4822 746 4879 ra,

356 4889 447 4958 Haec
460 4906 538 4956 nux
553 4889 651 4956 saluti
665 4906 730 4972 era,

357 4973 461 5044 Ambo
474 4973 563 5061 ligno
579 4974 729 5060 mystica:

1031 4886 1158 4955 Caritas
1173 4887 1232 4954 sub
1247 4888 1350 4954 latere

1030 4971 1142 5042 Nescit
1153 4971 1207 5044 hic
1220 4971 1333 5046 latere.
