3975 5800
1006 649 1235 714 -195-

717 830 788 893 251.
834 828 875 895 In
890 831 1103 912 assumptione
1117 831 1226 897 heatae
1241 829 1373 895 mosae
1387 830 1527 911 uirginis.

475 964 502 1024 1.
528 962 633 1029 Mater
647 963 762 1028 summi
777 964 896 1030 domini

529 1046 603 1112 Siue
619 1052 706 1113 tactu
722 1051 849 1113 termini

529 1130 672 1196 Salutem
688 1132 787 1197 donat
801 1133 936 1212 homini;

528 1216 651 1297 Regina
666 1235 820 1297 generosa

529 1301 647 1366 Natum
667 1303 800 1382 peperit,

530 1385 661 1449 Hostem
677 1388 813 1450 conterit

528 1467 631 1534 Maria
649 1470 799 1550 gloriosa,

528 1554 642 1620 Suavis
657 1561 690 1619 et
707 1553 855 1619 formoso.

528 1637 666 1702 Pulchra
680 1638 769 1716 loeie,

527 1722 626 1787 Plena
641 1724 784 1809 gratiae,

528 1806 716 1887 Cougaudet
730 1809 820 1888 virgo
836 1807 898 1888 pia,

527 1891 660 1964 θεοτόκος
676 1892 787 1956 Maria.

471 1969 501 2030 2·
527 1976 642 2041 Matris
657 1994 799 2041 summae
814 1974 913 2040 filiurn

526 2060 668 2142 Populus
683 2061 848 2142 gentilium

526 2146 650 2210 adoret
664 2150 697 2210 et
712 2165 774 2210 nou
790 2146 897 2224 alium,

526 2228 588 2307 Qui
602 2229 692 2312 lapsa
706 2230 878 2312 reparavit,

526 2310 624 2378 Ovem
639 2314 808 2394 perditam,

527 2397 617 2479 Lupo
634 2398 795 2477 traditam,

526 2480 627 2558 Quam
643 2489 753 2564 pastor
767 2483 925 2561 liberavit,

525 2566 574 2630 Ad
591 2585 720 2649 gregem
737 2568 921 2650 reportavit.

524 2649 662 2715 Pulchra
676 2656 736 2715 eto.

470 2727 500 2787 3·
525 2735 622 2801 Matri
637 2754 779 2801 summae
794 2735 897 2816 gloria

524 2818 627 2884 Detur
642 2838 713 2884 cum
728 2819 860 2898 laetitia,

525 2904 606 2971 Nam
621 2910 723 2970 mater
737 2913 787 2971 est
802 2911 835 2970 et
849 2905 924 2979 tilia,

523 2987 655 3054 Habeas
668 2988 777 3053 florem
794 2989 932 3071 pudoris,

1203 967 1321 1031 Hostes
1337 965 1493 1044 vulnerat,

1201 1052 1309 1130 Agnos
1324 1056 1498 1129 congregat

1201 1134 1238 1198 ln
1255 1135 1362 1198 aulam
1377 1135 1598 1216 rerlmnptoriS,

1201 1219 1309 1283 Nostri
1324 1219 1556 1298 gubernatoris.

1202 1303 1339 1368 Pulchra
1354 1309 1414 1367 eto.

1145 1478 1173 1536 4.
1201 1471 1338 1535 Matrem
1355 1471 1474 1536 Christi
1490 1470 1656 1550 eredimus,

1200 1556 1291 1620 Hane
1305 1575 1375 1622 esse
1391 1557 1603 1636 eognovimus,

1200 1638 1301 1715 Quam
1317 1643 1348 1705 in
1365 1641 1479 1704 divinis
1493 1638 1637 1721 legimus,

1200 1725 1329 1790 ludaeis
1344 1743 1407 1789 non
1423 1725 1556 1803 videtur,

1199 1809 1280 1872 Nam
1296 1809 1429 1889 pertidia

1199 1893 1242 1957 Et
1261 1893 1381 1957 invidia

1198 1977 1235 2040 ln
1251 1978 1402 2042 cordibus
1418 1976 1562 2054 habetur,

1198 2061 1247 2125 Ab
1262 2061 1312 2127 his
1327 2081 1389 2125 uon
1406 2068 1596 2126 removetur.

1198 2146 1335 2211 Pulchra
1349 2151 1407 2211 ete.

1165 2363 1172 2376 .
1199 2315 1303 2378 hlatre
1319 2314 1436 2379 Christi
1455 2313 1570 2378 teritur

1198 2398 1309 2463 llostis
1323 2408 1356 2463 et
1371 2397 1557 2468 destruitur,

1199 2483 1365 2566 Decipitur
1380 2489 1412 2546 et
1429 2481 1575 2560 vincitur,

1198 2568 1264 2632 Nos
1279 2573 1385 2631 autem
1400 2566 1588 2632 liberamur:

1199 2651 1285 2731 Ergo
1301 2652 1394 2716 lectio

1199 2736 1279 2801 Cum
1293 2734 1434 2816 tripudio

1198 2821 1349 2902 Legotnr,
1366 2821 1583 2902 deprecamur,

1198 2906 1315 2971 Omnes
1330 2905 1598 2985 eorrgratulomnr.

1198 2989 1334 3054 Pulchra
1351 2995 1409 3054 etc.

540 3114 565 3151 a.
586 3096 678 3152 Taut.
715 3099 798 3159 Mona
816 3099 868 3153 No.
888 3101 941 3151 lle
961 3098 997 3164 (2,
1019 3100 1088 3167 155.)
1109 3115 1175 3151 aas:
1201 3097 1253 3150 Hs.
1273 3115 1309 3152 aa
1328 3096 1419 3151 Grata
1438 3100 1507 3166 epm,
1533 3099 1575 3149 13.
1594 3093 1695 3149 naara
1719 3094 1758 3147 nii

469 3165 601 3222 Neumea.
637 3169 736 3223 Daniel
755 3169 788 3237 V,
808 3173 867 3223 295.
887 3171 936 3223 lant
956 3170 1009 3222 dea
1027 3168 1097 3223 Text
1115 3187 1168 3224 ares
1186 3171 1279 3223 Mona.

541 3256 567 3310 b.
587 3255 771 3311 Lusarton.
808 3262 834 3323 3,
855 3262 878 3313 3.
899 3258 979 3311 Nune
997 3265 1062 3312 mat.
1082 3258 1132 3311 hat
1151 3258 1196 3311 die
1213 3256 1267 3311 Hs.

539 3359 561 3396 c.
581 3341 736 3398 Bemerk.
760 3341 866 3413 ‘,‚Man
885 3346 1008 3400 trevirerlte
1027 3348 1056 3400 in
1077 3347 1178 3399 diesem
1198 3344 1285 3398 Liada
1304 3344 1476 3410 ‹lierlnlupa
1497 3344 1563 3398 dass
1577 3342 1760 3410 jettoStroph

470 3414 521 3468 mit
539 3423 628 3469 mater
646 3416 775 3487 aristippi,
802 3418 847 3470 die
873 3419 934 3470 (troi
958 3423 1050 3471 ersten
1075 3418 1121 3470 ihr
1140 3418 1192 3469 elene
1211 3415 1365 3469 Beinamon
1386 3431 1491 3467 srnnma
1516 3417 1544 3467 in
1563 3415 1760 3487 uersolrieetena

472 3484 634 3556 Beaielraup
651 3488 745 3558 peden,
770 3489 829 3544 arrd
853 3489 927 3543 diosa
952 3491 981 3542 in
1012 3490 1062 3542 den
1083 3489 1179 3543 ber'don
1198 3489 1298 3542 letaten
1318 3487 1406 3541 durch
1426 3487 1527 3543 Christi
1545 3488 1651 3541 erltdrt
1669 3486 1760 3540 ωίνά.ί

469 3558 559 3613 Mons.

771 3878 841 3938 252.
885 3873 937 3938 Do
950 3877 1164 3957 assumptione
1179 3876 1285 3942 deotm
1301 3875 1432 3941 Mariae
1446 3896 1473 3940 o.

471 4014 497 4074 l.
521 4010 681 4091 Ver-gente
697 4008 806 4074 mundi
822 4028 954 4092 vespere

522 4090 641 4159 Sereno
657 4091 748 4158 fusus
763 4092 868 4158 sidere

522 4176 608 4243 Coeli
624 4177 770 4259 procedit
784 4177 911 4257 radius;

522 4261 639 4327 ludruto
654 4261 758 4326 carnis
773 4280 879 4341 onero,

524 4346 621 4411 Sacro
636 4345 796 4426 dependet
810 4347 908 4411 uhere

522 4428 627 4495 Patris
641 4430 763 4495 oeterni
778 4428 872 4495 lilius.

469 4600 497 4664 2.
522 4595 560 4661 lu
576 4596 737 4663 Gedeouis
752 4597 871 4663 vellere

522 4679 565 4746 Et
578 4680 611 4746 in
627 4680 698 4746 rubi
713 4681 895 4748 charactere

524 4764 763 4847 Praetignratus
779 4768 935 4832 cernitur:

522 4843 621 4916 Cuius
635 4856 748 4932 operto
764 4850 865 4917 latere

522 4930 618 5002 Cadit
631 4934 776 5000 velamen
791 4935 919 5001 litterae

377 5027 380 5034 '
470 5041 503 5088 ‚r
521 5015 630 5086 Etlex
644 5025 737 5085 vetus
752 5021 929 5103 exponitur.

1141 4023 1170 4080 3.
1196 4016 1404 4079 Sacramenta
1420 4031 1519 4076 rsonae
1533 4009 1613 4091 legis

1197 4099 1234 4163 In
1249 4117 1400 4180 pressura
1415 4096 1536 4161 Christi
1552 4095 1636 4175 rogis

1196 4183 1238 4246 Et
1253 4184 1285 4247 in
1301 4182 1404 4246 crucis
1422 4179 1577 4247 ludibrio:

1196 4267 1365 4331 Planctum
1381 4266 1496 4331 docent
1511 4262 1666 4328 Ieremias

1196 4352 1239 4416 Et
1253 4351 1424 4431 languores
1441 4349 1554 4429 lsoyae

1197 4436 1295 4517 Degis
1311 4435 1368 4501 alti
1386 4432 1569 4515 suspendio.

1140 4613 1170 4671 4.
1198 4605 1306 4683 Virgo,
1322 4602 1412 4668 sidus
1428 4599 1603 4681 singulare,

1197 4688 1305 4767 Virgo,
1322 4685 1431 4751 mnndi
1453 4685 1620 4763 luminare,

1196 4770 1317 4835 Christi
1332 4769 1461 4853 profusa
1476 4769 1619 4851 genibus.

1196 4856 1247 4921 Illi
1264 4856 1348 4920 refer
1363 4855 1458 4935 lotus,
1475 4855 1553 4933 lora,

1196 4938 1322 5021 Spirae,
1338 4939 1444 5004 clavos
1459 4944 1491 5005 et
1505 4956 1620 5020 perora

1196 5024 1256 5090 His
1274 5024 1569 5090 intercessionibus.

1515 5138 1589 5204 Ψ
