3975 5800
880 643 1109 704 —217-

715 825 786 888 284.
829 821 881 888 De
902 822 992 888 beatu
1014 821 1130 887 Maria
1150 820 1282 902 uirgine.

343 960 372 1022 l.
398 957 466 1022 Ave
481 955 585 1036 stella,
601 961 691 1021 ortus
706 956 792 1034 solis,

398 1044 467 1105 Ave
481 1044 585 1105 nrater
599 1058 741 1106 summae
755 1041 865 1122 prelis,

399 1126 466 1190 Ave
482 1125 540 1191 Dei
555 1123 636 1188 filia:

398 1213 465 1275 Ave
481 1209 571 1274 sidus
586 1206 791 1284 illustratum,

398 1293 483 1358 Rure
499 1298 610 1357 sancto
625 1290 850 1357 foecundaturn

398 1375 442 1441 Et
456 1377 649 1442 faecundans
666 1377 779 1441 omnia.

342 1461 373 1522 2.
398 1461 447 1526 Tu
463 1461 534 1525 linis
548 1478 584 1525 es
599 1461 756 1538 miseriae,

399 1545 593 1626 Principium
609 1546 761 1621 laetitiae,

401 1631 483 1695 Dum
500 1630 550 1693 lex
565 1629 651 1693 cedit
665 1629 806 1708 gratiae:

401 1714 516 1779 Patres
530 1715 691 1794 quondam
707 1731 764 1794 per
778 1713 913 1795 liguram

399 1799 447 1862 Te
461 1802 617 1862 noverunt
631 1797 816 1879 parituram,

401 1881 465 1947 Sed
480 1883 543 1947 iam
558 1888 649 1964 patet
663 1880 752 1946 facie.

343 1965 375 2025 3.
402 1965 450 2030 Tu
464 1972 567 2031 mater
582 1984 615 2030 es
632 1965 856 2048 orphanorum,

402 2052 480 2134 Spes
494 2056 528 2115 et
542 2051 634 2114 venia
651 2049 823 2147 lapsorum,

401 2134 608 2200 Iniormatrix
621 2134 763 2199 rudrum:

402 2219 451 2283 Tu
466 2218 621 2299 virginale
635 2219 810 2300 speculum,

402 2301 452 2368 Tu
466 2304 521 2368 lux
534 2303 698 2368 illustrans
713 2303 864 2382 seculum,

403 2387 587 2453 Electorum
601 2387 776 2452 studium?

343 2468 376 2531 4.
403 2472 449 2536 Te
463 2471 573 2552 lingua
586 2471 700 2537 laudat
714 2471 886 2550 hominum,

401 2558 524 2637 Agmen
539 2555 681 2621 deservit
695 2555 856 2635 coelicum,

402 2639 558 2705 coelestis
573 2639 769 2705 hierarchia:

400 2723 445 2788 Te
460 2742 573 2789 venam
588 2723 769 2806 pudicitiae,

402 2808 539 2875 Matrem
554 2808 631 2875 solis
644 2807 798 2881 iustitiae,

400 2892 529 2959 Laudat
542 2892 645 2959 omnis
661 2893 742 2958 usia.

1017 963 1046 1022 5.
1073 957 1100 1020 0
1115 955 1228 1033 Maria,
1243 961 1345 1021 mater
1359 955 1423 1035 pia,

1073 1042 1142 1105 Duc
1157 1039 1267 1105 devios
1282 1041 1314 1105 in
1332 1041 1391 1104 hac
1407 1040 1466 1118 via,

1073 1125 1120 1188 Ne
1135 1123 1288 1189 labantur
1303 1121 1454 1205 amplius:

1074 1209 1101 1272 Ο
1118 1208 1229 1285 Maria,
1245 1214 1347 1272 mater
1362 1207 1432 1281 Dei,

1073 1293 1122 1357 Ad
1138 1300 1170 1357 tc
1184 1293 1382 1373 suspiramus
1398 1291 1453 1371 rei,

1074 1376 1215 1441 Subveni
1232 1376 1381 1442 velocius.

1020 1465 1047 1526 6.
1074 1460 1119 1525 Te
1134 1479 1293 1540 regamus,
1310 1459 1469 1538 exaudito,

1073 1545 1116 1611 Et
1130 1562 1210 1625 quos
1225 1545 1314 1609 vides
1329 1544 1424 1608 curde
1440 1545 1516 1608 tritu

944 1658 947 1662 ⁴
1075 1630 1143 1693 Dec
1162 1627 1344 1694 reconcilia:

1074 1714 1210 1778 Nostrae
1225 1713 1294 1777 dele
1309 1714 1364 1793 pia
1379 1712 1490 1777 sordes

1075 1797 1181 1862 utrae
1197 1816 1270 1862 vere
1286 1795 1518 1876 mundicordes

1074 1881 1197 1946 Summi
1212 1883 1296 1963 regis
1309 1880 1385 1945 filia.

1021 1969 1048 2026 7.
1074 1966 1182 2046 Virga,
1197 1965 1295 2029 decus
1309 1964 1474 2045 virginale,

1075 2050 1139 2114 Fac
1154 2050 1186 2113 in
1201 2050 1294 2114 nobis
1310 2049 1432 2113 veniale

1076 2135 1175 2198 Omne
1190 2132 1275 2215 quod
1290 2134 1529 2198 committimus:

1076 2219 1199 2283 Vulnus
1215 2236 1294 2282 sana
1308 2224 1520 2299 peccatorum,

1076 2302 1124 2366 Ad
1141 2301 1288 2366 coelestis
1303 2301 1396 2367 aulae
1415 2302 1563 2366 threnum

1075 2386 1141 2450 an
1155 2384 1284 2468 perduc,
1300 2392 1332 2451 te
1348 2384 1516 2468 poscimus.

1019 2469 1048 2529 8.
1075 2468 1178 2536 Tuum
1194 2475 1304 2534 natum
1318 2469 1497 2552 interpella,

1076 2555 1164 2619 Oceli
1181 2554 1298 2635 lingua,
1314 2555 1411 2619 maris
1427 2553 1530 2633 stella,

1076 2638 1138 2702 Pru
1153 2639 1219 2703 tuis
1235 2639 1447 2721 supplicibus:

1075 2722 1147 2788 lesu
1163 2724 1255 2802 bone,
1271 2724 1423 2787 miserere

1075 2807 1174 2871 Prece
1190 2807 1312 2885 matris
1328 2813 1362 2872 et
1375 2804 1516 2889 gaudere

1076 2892 1141 2957 Nos
1157 2891 1284 2958 dacum
1300 2889 1458 2958 felicibus.

415 3002 512 3057 Text.
547 3000 915 3056 MorelN0.185.S.117.
943 3016 1010 3054 arae:
1036 2999 1090 3054 Hs.
1109 3017 1146 3054 zu
1163 3000 1203 3053 St.
1224 2999 1324 3056 Galle-n
1352 3000 1403 3054 No.
1423 3002 1476 3054 546
1501 3000 1648 3071 (Brauder)

340 3073 392 3130 Rc
410 3077 472 3128 246.
491 3074 543 3128 mit
561 3074 622 3127 dem
639 3072 774 3127 Bedente:
792 3071 857 3126 Alia
875 3073 1022 3141 sequentia
1039 3071 1075 3127 ad
1094 3072 1296 3141 beneplacitum
1315 3071 1462 3126 cantanda.

717 3526 787 3589 285.
830 3518 884 3587 Dc
905 3520 997 3590 beatu
1018 3519 1134 3590 Maria
1155 3521 1287 3605 uirgine.

348 3648 378 3709 l.
405 3642 472 3708 Ave
486 3641 576 3723 virgo
592 3642 740 3724 gloriosa,

404 3725 536 3791 Manena
550 3727 644 3809 plena
660 3728 775 3808 gratia,

405 3810 488 3876 Vere
503 3815 540 3876 tu
554 3829 589 3874 es
605 3816 681 3875 nata
694 3828 769 3876 msa

403 3893 516 3976 Regali
531 3895 689 3977 prosapia.

419 4169 511 4226 Text.
548 4170 627 4226 ldiss.
646 4168 725 4224 iratr.
745 4169 834 4223 Paris.
855 4170 932 4224 1620.

1023 3646 1051 3709 2.
1079 3641 1226 3707 Christus
1241 3641 1273 3705 in
1289 3647 1321 3708 te
1338 3639 1558 3706 descendendo

1077 3726 1198 3792 Mundo
1214 3726 1304 3791 dedit
1322 3724 1449 3805 gaudia.

1079 3810 1144 3875 Nos
1159 3810 1291 3876 adiuves
1306 3809 1471 3875 liberando

1077 3895 1124 3959 De
1139 3895 1252 3959 mortis
1266 3894 1408 3960 ecclesia.

1078 3978 1105 4042 0
1121 3979 1258 4044 clemens
1274 3997 1292 4042 ο
1308 3980 1361 4061 pia

1077 4062 1103 4126 0
1120 4062 1220 4127 dulcis
1236 4063 1348 4128 Maria.
1372 4062 1481 4126 Amen.

714 4626 784 4687 286.
826 4620 879 4687 De
899 4621 991 4687 decta
1014 4620 1129 4686 illaria
1149 4622 1280 4704 uirgine.

350 4760 378 4821 l.
405 4755 472 4822 Ave
486 4754 577 4836 virgo
593 4754 767 4835 singularis

404 4838 491 4905 Coeli
507 4839 685 4905 luminaria

405 4924 465 4990 Dei
479 4923 643 5006 templum,
658 4922 713 4988 lux
726 4924 851 5006 solaris,

404 5005 493 5074 Cella
510 5007 733 5091 pigmentaria.

1078 4756 1145 4821 Ave
1160 4756 1260 4838 virgo,
1277 4755 1371 4820 stella
1386 4753 1495 4835 muris,

1078 4840 1184 4905 Mater
1198 4860 1233 4906 es
1248 4846 1281 4905 ct
1295 4838 1370 4904 filia.

1078 4923 1187 4989 Beatis
1202 4923 1450 4991 circumvallaris

1078 5008 1209 5089 Angelis
1224 5010 1256 5074 in
1272 5008 1384 5093 gloria.
