3975 5800
960 541 1192 605 -478-

432 725 462 784 4.
489 721 548 786 Hic
564 719 686 787 athleta
1108 725 1136 786 6.
1164 720 1265 801 Caeci,
1281 720 1397 801 claudi,

487 806 595 870 Manto
609 804 695 871 laeta
1163 804 1269 884 Surdi,
1286 805 1375 886 muti,

488 890 617 972 Sprevit
628 894 758 969 metmn,
1163 890 1240 955 Neci
1256 889 1334 967 dati,

488 974 582 1039 Subit
595 974 696 1039 letum
1165 975 1333 1057 llesperati

488 1058 606 1125 Sitiens
621 1058 823 1140 martyrium:
1163 1060 1259 1141 Spem
1274 1057 1388 1124 salutis
1402 1056 1565 1125 obtinent:

488 1142 616 1208 Gaudet
631 1143 748 1223 laesus,
1163 1143 1223 1220 Qui
1239 1142 1323 1208 hunc
1339 1143 1416 1208 totis

487 1227 573 1292 Ense
590 1244 713 1299 caesus,
1163 1228 1301 1292 Poscant
1315 1225 1400 1292 votis

487 1311 615 1376 'll-ausit
631 1317 748 1390 metue,
1162 1312 1317 1378 Debonis

487 1394 691 1461 Cellitfletus
1161 1397 1250 1462 Freti
1266 1394 1358 1461 donis

487 1480 531 1545 Et
546 1479 636 1545 dolor
650 1481 684 1545 in
698 1478 860 1561 gaudium.
1160 1477 1528 1563 Inpenanpossident

433 1562 461 1622 5·
489 1564 589 1629 Cuius
604 1582 680 1629 ossa
1107 1568 1134 1626 7.
1161 1565 1285 1647 Martyr
1300 1581 1360 1645 age

489 1648 606 1714 Terrae
621 1647 708 1713 fossa
1161 1649 1322 1716 stanislae

487 1733 719 1814 Vigontsignis
1161 1732 1207 1799 Ut
1221 1752 1277 1798 rex
1292 1733 1365 1815 pius

486 1817 530 1881 Et
545 1817 709 1899 condignis
1162 1820 1208 1883 hc
1222 1819 1381 1898 benignus

488 1901 650 1967 Pullulant
665 1899 857 1966 uirtutibus:
1161 1904 1251 1969 lesus
1267 1902 1331 1968 tuis
1346 1899 1495 1983 precibus

488 1987 586 2051 Cuius
603 1985 669 2050 vita
1161 1986 1227 2052 Nos
1242 1987 1274 2050 in
1290 1984 1353 2053 fine

488 2069 649 2134 Redimita
1162 2071 1237 2137 Sine
1251 2070 1313 2135 tine

488 2152 713 2220 llumlolluxit
1162 2155 1272 2237 Regno
1287 2155 1384 2220 donet

489 2240 531 2303 Et
546 2239 651 2303 illuxit
1160 2240 1204 2305 Et
1217 2244 1348 2304 coronet

487 2321 641 2387 Gloriosis
656 2320 815 2402 precibus.
1160 2324 1300 2404 lungens
1317 2321 1394 2388 coeli
1411 2318 1544 2386 civibus

503 2446 528 2484 a.
547 2428 644 2483 Text.
681 2428 781 2482 Daniel
798 2428 834 2498 11,
853 2432 914 2497 239,
933 2430 1004 2484 olane
1015 2430 1132 2502 Anpobe
1151 2432 1200 2486 rlcr
1211 2431 1315 2502 Quclle,
1336 2430 1411 2486 hlosc
1429 2426 1713 2495 mitdchencrtm=

433 2503 516 2572 Apud
535 2501 664 2567 Polonos,
683 2499 823 2568 Moraros,
843 2500 978 2558 Bohemoe
998 2503 1033 2556 al.

504 2592 530 2644 b.
551 2589 733 2642 Lean-rtcn.
771 2590 796 2658 6,
815 2592 832 2645 6
853 2591 927 2660 fehlt
953 2592 999 2646 et'n
1018 2592 1186 2664 cinaylbr'pcc
1210 2590 1299 2660 Wort,
1319 2590 1458 2647 vicllcicltt
1477 2590 1595 2659 et-h,
1614 2590 1712 2656 lopo*

435 2662 508 2718 sidet
527 2663 598 2716 Dan.
618 2659 774 2731 (Drnchf).

993 2773 1175 2786 ——

690 2847 761 2909 710.
805 2840 858 2907 Dc
878 2841 1056 2910 inventione
1076 2863 1101 2910 s.
1124 2843 1279 2927 Stephani
1294 2847 1483 2925 protomart.

850 2961 965 3028 (Auctor
983 2967 1027 3016 est
1044 2961 1153 3018 Notleer
1171 2961 1325 3031 Balbulus.)

464 3092 491 3150 1.
517 3083 636 3149 Christi
652 3083 780 3147 Domini
795 3081 905 3148 militis
919 3084 1132 3168 martyrisque
1154 3085 1320 3152 fortissimi
1335 3083 1457 3167 proelia
1471 3098 1549 3149 voce
1562 3079 1629 3165 pari
1642 3091 1711 3143 care·

588 3186 659 3232 mus
675 3166 865 3233 extollentes
880 3169 921 3233 ad
936 3169 1052 3247 sidera,
1685 3243 1690 3256 ,

459 3259 488 3319 2.
512 3253 573 3331 Qui
589 3252 721 3334 signifer
736 3252 906 3320 bellicosus
930 3253 1091 3333 extiterat,
1112 3254 1218 3319 valida
1238 3272 1334 3319 manu
1355 3256 1427 3319 tote
1445 3255 1649 3335 prosternens
1666 3244 1714 3310 ur·

589 3337 693 3403 bolica
711 3343 897 3403 commenta.

461 3429 491 3489 3.
514 3422 647 3502 Quando
674 3422 808 3486 daemon
830 3422 957 3488 Domini
979 3421 1134 3489 famulum
1160 3441 1195 3488 se
1220 3425 1389 3505 putaverat
1411 3418 1587 3504 lapidando
1605 3418 1717 3488 vinoert

587 3505 731 3571 devictus
746 3512 821 3569 tunc
835 3508 969 3572 recessit
983 3508 1016 3573 in
1031 3512 1164 3573 tartara.

459 3597 487 3656 4.
510 3590 553 3658 Et
579 3591 632 3672 qui
654 3588 784 3656 Saulum
809 3589 930 3656 fecerat
954 3591 1041 3656 necis
1061 3590 1147 3657 illius
1170 3595 1343 3665 auctorem,
1368 3587 1461 3655 Pauli
1484 3605 1570 3655 nunc
1589 3584 1721 3654 aalma

592 3673 729 3740 doctoris
744 3673 884 3740 eiusdem
901 3677 1010 3741 tremit
1024 3679 1204 3759 praecepta.

460 3766 488 3825 5.
511 3760 593 3825 Nam
608 3777 679 3823 cum
694 3760 844 3840 martyris
859 3760 999 3841 undique
1020 3778 1135 3843 corpus
1154 3761 1328 3826 immensus
1343 3757 1446 3824 imber
1458 3756 1605 3839 lapidum
1619 3769 1724 3839 preme·

587 3850 647 3918 rot,
664 3843 808 3907 lacerans
822 3846 965 3910 membra
979 3863 1081 3924 rosea,

460 3932 488 3991 6.
511 3928 584 4009 lpse
607 3928 749 4076 cosspori?
770 3927 854 3992 allisi
876 3947 993 4011 poenas
1015 3946 1124 3994 amore
1139 3927 1257 3993 Christi
1278 3927 1415 3994 libenter
1437 3926 1601 4000 sustinens
1615 3922 1727 3991 fuderat

587 4030 643 4076 ver
666 4016 734 4076 ata
746 4011 793 4075 ia:

459 4101 487 4158 7.
511 4095 559 4175 „O
585 4094 712 4161 Christe
732 4103 845 4178 potens
868 4101 901 4162 et
921 4098 1132 4180 omniparens
1157 4114 1280 4178 precor,
1307 4113 1347 4161 ne
1370 4098 1495 4161 statuas
1521 4093 1587 4160 illie
1611 4095 1673 4160 ieta
1693 4085 1731 4154 all

586 4186 751 4262 peccatum
768 4182 932 4247 crimina.“

461 4272 490 4332 8.
513 4265 601 4331 Haec
624 4267 670 4330 ait
690 4271 786 4345 atque
806 4264 1006 4331 commendat
1028 4283 1120 4330 suum
1144 4264 1290 4349 spiritum
1311 4264 1344 4329 in
1366 4282 1478 4330 manus
1500 4261 1618 4330 summi
1638 4258 1734 4344 patris

591 4350 783 4430 linquentem
800 4350 973 4416 terrestria.

458 4440 487 4498 9.
510 4434 576 4499 Nos
591 4435 689 4516 igitur
703 4435 862 4515 poscimus
875 4434 993 4514 miseri,
1009 4432 1116 4500 alacer
1131 4434 1256 4500 Domini
1271 4431 1405 4506 athleta,

439 4523 488 4582 10.
512 4518 611 4585 Nobis
626 4517 750 4582 veniam
766 4520 883 4600 iugiter
898 4519 1075 4601 postulans,
1092 4526 1128 4585 ut
1143 4523 1255 4584 nostre
1270 4517 1376 4583 deleas
1392 4519 1505 4582 cuncta
1522 4513 1648 4592 delicta,

440 4608 488 4666 ll.
511 4603 554 4668 Et
578 4602 713 4751 ndunms
738 4604 845 4668 omnia
869 4601 1020 4684 facinora,
1046 4610 1083 4670 ut
1107 4621 1164 4687 per
1190 4609 1262 4669 tuas
1288 4618 1400 4685 preces
1425 4600 1587 4683 possimus
1610 4596 1736 4665 liberari

611 4707 628 4752 e
666 4705 746 4752 oena

440 4775 488 4835 12.
512 4771 554 4835 Et
577 4706 663 4921 egel?
682 4773 824 4854 praemia
848 4777 1004 4857 perpetua
1030 4772 1135 4839 cuncti
1161 4777 1265 4838 tecum
1291 4769 1368 4838 laeti
1393 4773 1503 4837 tenere
1529 4768 1597 4836 uita
1618 4783 1738 4852 semper

609 4861 690 4922 cata.

441 4941 489 5004 13.
512 4937 675 5021 Stephane
690 4939 822 5024 signiter
836 4945 869 5008 et
883 4944 1099 5024 protomartyr
1112 4940 1238 5009 invicte.
