3975 5800
879 603 1111 667 -200-

345 791 375 850 4.
401 785 467 850 Ave
483 783 562 850 coeli
578 784 715 866 domina,
1020 793 1048 853 5.
1075 785 1188 868 Surge,
1204 803 1309 867 surge,
1324 802 1461 870 propera

401 868 488 946 Quae
502 870 699 934 transcendis
718 871 845 951 agmina
1075 871 1167 936 Oliva
1181 869 1348 936 fructifera

402 953 557 1019 Caelestis
572 954 721 1019 militiae:
1075 955 1179 1020 Tuum
1194 954 1331 1020 lundens
1346 953 1467 1020 oleum:

400 1040 468 1103 Ave
483 1038 558 1104 felix
573 1037 700 1118 femina,
1074 1036 1142 1104 Tua
1157 1057 1282 1122 semper
1296 1039 1396 1105 ubera

399 1123 647 1204 Stolagaudens
663 1123 789 1205 gemina
1073 1122 1192 1190 Nostra
1206 1127 1321 1188 sanent
1335 1123 1477 1200 vulnera,

400 1206 503 1289 Super
518 1208 668 1272 thronum
684 1208 813 1288 gloriae.
1074 1206 1162 1273 Coeli
1178 1208 1270 1274 iubar
1286 1225 1428 1273 aureum.
1458 1205 1573 1271 Amen.

415 1313 509 1370 Perat.
545 1316 622 1372 Miss.
641 1315 720 1370 fratr.
741 1315 826 1372 Paris.
848 1318 924 1370 1620.

899 1438 1098 1448 ....--—-n-.-

708 1525 777 1585 259.
821 1518 873 1585 De
895 1521 1109 1603 assumptione
1129 1520 1157 1585 b.
1181 1520 1231 1586 M.
1253 1541 1281 1584 α.

347 1663 373 1722 l.
400 1654 541 1719 Induant
556 1653 721 1731 iustitiam,
1073 1656 1184 1732 Immo,
1199 1653 1284 1735 quod
1301 1653 1482 1732 crediderit,

400 1738 590 1803 Praedieent
604 1739 770 1816 laetitiam,
1073 1739 1164 1819 Quod
1180 1738 1239 1803 sihi
1254 1737 1392 1817 viluerit,

399 1822 460 1899 Qui
476 1822 809 1888 ministrantnumini:
1074 1824 1157 1889 Hinc
1171 1825 1300 1889 beatam
1314 1824 1470 1889 norimus.

399 1907 430 1972 lt
443 1907 476 1970 in
491 1925 583 1972 suam
599 1907 749 1988 requiem,
1017 1912 1045 1971 4.
1072 1907 1098 1972 0
1114 1926 1192 1991 prae
1208 1907 1404 1983 mulieribus

399 1989 500 2056 Infert
515 1991 604 2055 coelo
619 1989 732 2056 taciem
1073 1992 1156 2069 Quin
1172 1997 1206 2058 et
1219 2009 1296 2073 prae
1312 1991 1477 2057 coelitibus

398 2075 482 2139 Arca
496 2076 569 2140 viva
584 2075 713 2140 domini.
1073 2075 1246 2140 Benedicta
1263 2074 1345 2140 filia:

343 2159 372 2220 2.
399 2158 546 2225 Christus
561 2177 633 2224 cum
647 2159 708 2224 huc
729 2164 870 2237 venerat,
1073 2158 1192 2224 Hauris
1206 2161 1293 2224 unde
1306 2159 1439 2240 plenior,

399 2242 469 2318 Quo
483 2250 586 2308 mater
601 2249 795 2325 susceperat,
1072 2243 1276 2309 Hccelcnte
1290 2243 1431 2309 crebrior

399 2328 469 2391 Nnn
484 2334 533 2393 est
547 2336 658 2394 venter
672 2328 798 2408 purior:
1073 2326 1429 2408 Stillctinnosgratia

397 2412 435 2476 ln
450 2429 524 2493 quc,
540 2412 617 2476 dum
631 2411 704 2477 hinc
719 2416 859 2490 remeat,
1017 2412 1046 2471 5.
1072 2413 1123 2477 Ad
1138 2413 1240 2477 Deum
1255 2417 1292 2477 ut
1306 2411 1432 2491 adeant,

397 2496 536 2561 Matrem
551 2495 697 2561 Christus
712 2495 856 2575 collocat,
1072 2495 1133 2561 Per
1147 2502 1180 2560 te
1194 2503 1270 2562 vcta
1284 2500 1459 2573 transeant,

397 2578 543 2644 Thronus
557 2598 620 2644 non
635 2585 685 2645 est
699 2579 819 2645 celsior.
1073 2580 1144 2644 Non
1160 2579 1210 2646 las
1224 2586 1360 2646 matrem
1374 2580 1479 2647 reiici:

343 2665 370 2723 3.
398 2662 486 2739 Quae
499 2666 542 2742 te,
559 2662 695 2744 Christe,
711 2665 830 2745 genuit,
1073 2664 1168 2728 Amet
1181 2669 1268 2729 tuam
1285 2663 1433 2744 Galliam,

397 2747 485 2824 Quae
499 2746 673 2814 lactantem
688 2748 777 2829 aluit,
1071 2747 1153 2830 Regi
1168 2749 1224 2813 det
1236 2748 1404 2827 iustitiam,

396 2832 489 2896 Nunc
504 2833 632 2898 beatam
647 2832 797 2897 dicimus:
1071 2832 1162 2900 Plebi
1178 2850 1287 2916 pacem
1302 2833 1446 2915 supplici.

413 2940 504 2997 Text.
540 2942 720 2997 Ebreriario
739 2941 889 2997 Parisiensi
908 2943 952 2996 in:
978 2943 1012 2997 A.
1031 2942 1157 2998 Nicolas:
1186 2942 1244 2996 Die
1271 2940 1417 3011 Junyfraa
1445 2939 1553 2996 Maria.
1592 2942 1649 2997 Ihr

340 3012 434 3138 115ng
439 3030 483 3139 ffir
502 3015 552 3140 dlcr
556 3012 684 3140 ἔιέἕέκ
721 3013 862 3068 Deutaclre
879 3014 1019 3085 Aueyabc.
1060 3013 1119 3067 Van
1139 3013 1175 3068 K.
1196 3013 1232 3068 B.
1251 3013 1437 3084 Roschirea.
1462 3011 1648 3086 Remnshurq

413 3127 419 3139 .
479 3126 488 3153 ,
529 3126 536 3142 .
578 3126 584 3139 .
658 3126 664 3138 .

896 3212 1094 3220 ———-————.

690 3326 761 3388 260.
804 3320 856 3387 De
891 3322 982 3390 hacta
1016 3322 1139 3404 carcine
1166 3320 1294 3388 Maria.

721 3440 838 3508 (Auctor
857 3445 901 3495 est
918 3439 1009 3495 Adam
1028 3440 1062 3494 de
1081 3441 1106 3495 S.
1126 3440 1259 3510 Victore.)

343 3557 424 3623 1.'0
440 3557 552 3638 Maria,
569 3558 663 3623 stella
679 3558 777 3623 maris
1015 3563 1044 3623 4.
1071 3558 1114 3623 Et
1128 3575 1295 3641 peccamus
1310 3563 1342 3624 et
1356 3558 1515 3643 punimur,

396 3643 518 3708 Pietate
535 3642 716 3724 singularis,
1071 3641 1113 3707 Et
1128 3642 1263 3709 diversis
1280 3643 1444 3708 irretimur

396 3727 530 3793 Pietatis
545 3725 637 3792 oculo
1070 3726 1207 3807 Laqueis
1221 3728 1420 3793 venantium:

396 3811 462 3875 Nos
478 3811 619 3892 digneris
635 3809 762 3890 intueri,
1070 3812 1097 3876 0
1113 3810 1225 3892 Maria,
1241 3817 1345 3877 mater
1357 3812 1427 3893 Dei,

396 3896 461 3959 Nec
477 3895 636 3960 cuncteris
651 3895 797 3960 misereri
1071 3895 1120 3960 Tu
1135 3902 1209 3978 pest
1223 3896 1326 3961 Deum
1340 3914 1483 3961 summae
1500 3897 1579 3980 spei,

396 3977 608 4059 Naufragauti
624 3980 760 4045 saeculo.
1071 3981 1120 4044 Tu
1135 3979 1227 4045 dulce
1242 3979 1410 4062 refugium.

341 4065 369 4125 2.
396 4062 434 4126 Iu
449 4063 509 4128 hac
523 4062 605 4128 valle
621 4063 856 4144 lachrymarum
1014 4064 1043 4123 5.
1069 4062 1130 4129 Tot
1145 4070 1179 4129 et
1192 4064 1291 4130 tantis
1306 4065 1433 4144 irretiti,

396 4147 482 4211 Nihil
498 4151 611 4226 tutum,
627 4146 705 4211 nihil
720 4148 851 4226 clarum,
1069 4147 1140 4213 Non
1155 4147 1300 4214 valemus
1314 4148 1365 4214 his
1380 4148 1475 4214 reniti

396 4229 551 4314 Suspecta
566 4237 642 4296 sunt
656 4231 777 4297 omnia:
1070 4231 1181 4297 Necvi
1197 4250 1255 4297 nec
1268 4233 1444 4299 industria:

395 4315 479 4393 Quid
494 4317 545 4380 hic
557 4314 649 4380 nobis
664 4316 726 4380 crit
740 4320 856 4393 tutum,
1070 4316 1271 4382 Consolatrix
1286 4318 1484 4396 miscrorum,

396 4399 474 4465 Ourn
490 4418 547 4465 nec
560 4400 632 4482 ipsa
646 4399 696 4464 vel
713 4400 867 4465 virtutum
1068 4399 1259 4465 Suscitatrix
1274 4407 1483 4482 mortuorum,

395 4483 478 4550 Tuta
493 4483 535 4550 sit
549 4484 706 4550 victoria?
1069 4484 1184 4549 Mortis
1199 4503 1311 4567 rumpe
1326 4486 1417 4551 retia.

339 4568 369 4628 3.
396 4568 477 4635 Caro
493 4569 586 4634 nohis
602 4568 800 4648 adversatur,
1013 4564 1042 4624 6,
1068 4568 1274 4634 Intendentes
1289 4574 1365 4636 tuae
1380 4570 1477 4649 laudi,

396 4653 537 4718 Mundus
552 4653 639 4719 carni
655 4650 859 4734 suffragatur,
1068 4652 1134 4717 Nes
1148 4653 1289 4732 attende,
1305 4673 1362 4721 nos
1377 4652 1502 4734 exaudi,

396 4737 433 4800 ln
448 4742 590 4803 nestram
604 4737 790 4821 perniciem:
1068 4736 1134 4801 Nos
1150 4755 1169 4801 a
1184 4741 1286 4802 marte
1301 4737 1418 4805 libera:

394 4822 505 4886 Hostis
521 4822 621 4887 instat
635 4839 693 4887 nos
708 4820 873 4902 infestans,
1068 4819 1157 4896 Quae
1171 4826 1246 4902 pest
1258 4821 1420 4888 Christum
1431 4822 1536 4904 prima
1547 4821 1643 4888 sedes

394 4905 486 4971 Nunc
501 4925 536 4972 se
549 4906 656 4988 palam
670 4905 887 4988 manifestans,
1068 4904 1157 4971 Inter
1171 4904 1291 4971 Christi
1306 4906 1509 4987 cohaeredes,

393 4987 486 5060 Nunc
500 4990 664 5058 occultans
677 4990 810 5060 rabiem.
1069 4988 1470 5060 Christanosannnmera.
