<?xml version="1.0" encoding="UTF-8"?>
<!DOCTYPE html PUBLIC "-//W3C//DTD XHTML 1.0 Transitional//EN"
    "http://www.w3.org/TR/xhtml1/DTD/xhtml1-transitional.dtd">
<html xmlns="http://www.w3.org/1999/xhtml" xml:lang="en" lang="en">
 <head>
  <title>
</title>
<meta http-equiv="Content-Type" content="text/html;charset=utf-8" />
  <meta name='ocr-system' content='tesseract 3.04.00' />
  <meta name='ocr-capabilities' content='ocr_page ocr_carea ocr_par ocr_line ocrx_word'/>
</head>
<body>
  <div class='ocr_page' id='page_1' title='image "./lateinischesequ00kehrgoog_0049.png"; bbox 0 0 3975 5800; ppageno 0'>
   <div class='ocr_carea' id='block_1_1' title="bbox 888 478 1102 543">
    <p class='ocr_par' dir='ltr' id='par_1_1' title="bbox 888 478 1102 543">
     <span class='ocr_line' id='line_1_1' title="bbox 888 478 1102 543; baseline 0.005 -17"><span class='ocrx_word' id='word_1_1' title='bbox 888 478 1102 543; x_wconf 75' lang='lat'>..30-</span> 
     </span>
    </p>
   </div>
   <div class='ocr_carea' id='block_1_2' title="bbox 341 662 1655 1451">
    <p class='ocr_par' dir='ltr' id='par_1_2' title="bbox 341 662 1655 1238">
     <span class='ocr_line' id='line_1_2' title="bbox 395 662 1655 733; baseline -0.002 -12"><span class='ocrx_word' id='word_1_2' title='bbox 395 682 418 721; x_wconf 91' lang='lat' dir='ltr'><strong>c.</strong></span> <span class='ocrx_word' id='word_1_3' title='bbox 436 663 593 719; x_wconf 82' lang='lat' dir='ltr'><strong>Bemerlr.</strong></span> <span class='ocrx_word' id='word_1_4' title='bbox 630 663 692 733; x_wconf 81' lang='lat' dir='ltr'><strong>„Ex</strong></span> <span class='ocrx_word' id='word_1_5' title='bbox 709 662 831 720; x_wconf 92' lang='lat' dir='ltr'><strong>omnlnm</strong></span> <span class='ocrx_word' id='word_1_6' title='bbox 850 662 909 719; x_wconf 87' lang='lat' dir='ltr'><strong>iere</strong></span> <span class='ocrx_word' id='word_1_7' title='bbox 927 663 1083 719; x_wconf 82' lang='lat' dir='ltr'><strong>Missalium</strong></span> <span class='ocrx_word' id='word_1_8' title='bbox 1109 663 1171 732; x_wconf 86' lang='lat' dir='ltr'><strong>lege</strong></span> <span class='ocrx_word' id='word_1_9' title='bbox 1196 664 1315 720; x_wconf 83' lang='lat' dir='ltr'><strong>recitata</strong></span> <span class='ocrx_word' id='word_1_10' title='bbox 1339 670 1383 720; x_wconf 87' lang='lat' dir='ltr'><strong>est</strong></span> <span class='ocrx_word' id='word_1_11' title='bbox 1401 663 1553 732; x_wconf 63' lang='lat' dir='ltr'><strong>&amp;quentia</strong></span> <span class='ocrx_word' id='word_1_12' title='bbox 1570 662 1655 721; x_wconf 76' lang='lat' dir='ltr'><strong>Nati·</strong></span> 
     </span>
     <span class='ocr_line' id='line_1_3' title="bbox 341 734 1654 806; baseline -0.004 -11"><span class='ocrx_word' id='word_1_13' title='bbox 341 740 428 796; x_wconf 79' lang='lat' dir='ltr'><strong>vitate</strong></span> <span class='ocrx_word' id='word_1_14' title='bbox 437 737 548 792; x_wconf 89' lang='lat' dir='ltr'><strong>Domini</strong></span> <span class='ocrx_word' id='word_1_15' title='bbox 567 736 604 791; x_wconf 89' lang='lat' dir='ltr'><strong>ad</strong></span> <span class='ocrx_word' id='word_1_16' title='bbox 622 752 756 792; x_wconf 88' lang='lat' dir='ltr'><strong>summam</strong></span> <span class='ocrx_word' id='word_1_17' title='bbox 766 736 889 791; x_wconf 86' lang='lat' dir='ltr'><strong>Missam.</strong></span> <span class='ocrx_word' id='word_1_18' title='bbox 923 736 1013 791; x_wconf 89' lang='lat' dir='ltr'><strong>Docte</strong></span> <span class='ocrx_word' id='word_1_19' title='bbox 1031 742 1060 791; x_wconf 85' lang='lat' dir='ltr'><strong>et</strong></span> <span class='ocrx_word' id='word_1_20' title='bbox 1077 736 1217 792; x_wconf 78' lang='lat' dir='ltr'><strong>subtiliter</strong></span> <span class='ocrx_word' id='word_1_21' title='bbox 1236 737 1395 806; x_wconf 83' lang='lat' dir='ltr'><strong>rhythmum</strong></span> <span class='ocrx_word' id='word_1_22' title='bbox 1413 734 1544 791; x_wconf 88' lang='lat' dir='ltr'><strong>carminis</strong></span> <span class='ocrx_word' id='word_1_23' title='bbox 1564 750 1654 805; x_wconf 88' lang='lat' dir='ltr'><strong>expo-</strong></span> 
     </span>
     <span class='ocr_line' id='line_1_4' title="bbox 342 807 1654 878; baseline -0.004 -10"><span class='ocrx_word' id='word_1_24' title='bbox 342 811 399 868; x_wconf 90' lang='lat' dir='ltr'><strong>suit</strong></span> <span class='ocrx_word' id='word_1_25' title='bbox 423 810 454 863; x_wconf 87' lang='lat' dir='ltr'><strong>F.</strong></span> <span class='ocrx_word' id='word_1_26' title='bbox 480 807 600 865; x_wconf 85' lang='lat' dir='ltr'><strong>Wolfius</strong></span> <span class='ocrx_word' id='word_1_27' title='bbox 624 825 651 878; x_wconf 88' lang='lat' dir='ltr'><strong>p.</strong></span> <span class='ocrx_word' id='word_1_28' title='bbox 679 810 762 871; x_wconf 65' lang='lat'><strong>296..</strong></span> <span class='ocrx_word' id='word_1_29' title='bbox 782 807 900 862; x_wconf 85' lang='lat' dir='ltr'><strong>Adiecta</strong></span> <span class='ocrx_word' id='word_1_30' title='bbox 925 808 1021 863; x_wconf 84' lang='lat' dir='ltr'><strong>estin</strong></span> <span class='ocrx_word' id='word_1_31' title='bbox 1046 807 1200 876; x_wconf 70' lang='lat' dir='ltr'><strong>appendice</strong></span> <span class='ocrx_word' id='word_1_32' title='bbox 1219 809 1359 876; x_wconf 86' lang='lat' dir='ltr'><strong>scriptura</strong></span> <span class='ocrx_word' id='word_1_33' title='bbox 1378 807 1435 865; x_wconf 85' lang='lat' dir='ltr'><strong>cod</strong></span> <span class='ocrx_word' id='word_1_34' title='bbox 1465 807 1536 863; x_wconf 91' lang='lat' dir='ltr'><strong>Bihl.</strong></span> <span class='ocrx_word' id='word_1_35' title='bbox 1557 808 1654 863; x_wconf 75' lang='lat' dir='ltr'><strong>Pelet.</strong></span> 
     </span>
     <span class='ocr_line' id='line_1_5' title="bbox 341 877 1655 948; baseline -0.002 -11"><span class='ocrx_word' id='word_1_36' title='bbox 341 882 461 937; x_wconf 85' lang='lat' dir='ltr'><strong>Vindob.</strong></span> <span class='ocrx_word' id='word_1_37' title='bbox 479 880 531 936; x_wconf 85' lang='lat' dir='ltr'><strong>No.</strong></span> <span class='ocrx_word' id='word_1_38' title='bbox 554 883 631 948; x_wconf 75' lang='lat'><strong>1043,</strong></span> <span class='ocrx_word' id='word_1_39' title='bbox 651 895 721 948; x_wconf 87' lang='lat' dir='ltr'><strong>quae</strong></span> <span class='ocrx_word' id='word_1_40' title='bbox 740 895 855 948; x_wconf 88' lang='lat' dir='ltr'><strong>prorsus</strong></span> <span class='ocrx_word' id='word_1_41' title='bbox 873 879 1016 934; x_wconf 88' lang='lat' dir='ltr'><strong>nobiscum</strong></span> <span class='ocrx_word' id='word_1_42' title='bbox 1034 877 1108 946; x_wconf 74' lang='lat' dir='ltr'><strong>iacit,</strong></span> <span class='ocrx_word' id='word_1_43' title='bbox 1128 896 1213 948; x_wconf 90' lang='lat' dir='ltr'><strong>porro</strong></span> <span class='ocrx_word' id='word_1_44' title='bbox 1224 879 1289 935; x_wconf 86' lang='lat' dir='ltr'><strong>cod.</strong></span> <span class='ocrx_word' id='word_1_45' title='bbox 1301 895 1373 935; x_wconf 86' lang='lat' dir='ltr'><strong>saec.</strong></span> <span class='ocrx_word' id='word_1_46' title='bbox 1393 879 1473 934; x_wconf 81' lang='lat' dir='ltr'><strong>XV.“</strong></span> <span class='ocrx_word' id='word_1_47' title='bbox 1491 879 1602 935; x_wconf 88' lang='lat' dir='ltr'><strong>Daniel.</strong></span> <span class='ocrx_word' id='word_1_48' title='bbox 1615 908 1655 921; x_wconf 93' lang='lat'>-</span> 
     </span>
     <span class='ocr_line' id='line_1_6' title="bbox 343 950 1654 1022; baseline -0.002 -13"><span class='ocrx_word' id='word_1_49' title='bbox 343 957 368 1009; x_wconf 87' lang='grc'><strong><em>6.</em></strong></span> <span class='ocrx_word' id='word_1_50' title='bbox 388 952 532 1022; x_wconf 65' lang='lat' dir='ltr'><strong>„adaucta</strong></span> <span class='ocrx_word' id='word_1_51' title='bbox 551 953 568 1008; x_wconf 91' lang='lat' dir='ltr'><strong>i.</strong></span> <span class='ocrx_word' id='word_1_52' title='bbox 588 968 611 1007; x_wconf 92' lang='lat' dir='ltr'><strong>e.</strong></span> <span class='ocrx_word' id='word_1_53' title='bbox 631 951 797 1021; x_wconf 89' lang='lat' dir='ltr'><strong>prolongata</strong></span> <span class='ocrx_word' id='word_1_54' title='bbox 815 950 966 1007; x_wconf 91' lang='lat' dir='ltr'><strong>secundum</strong></span> <span class='ocrx_word' id='word_1_55' title='bbox 985 951 1141 1005; x_wconf 72' lang='lat' dir='ltr'><strong>naturalem</strong></span> <span class='ocrx_word' id='word_1_56' title='bbox 1170 967 1279 1007; x_wconf 84' lang='lat' dir='ltr'><strong>cursum</strong></span> <span class='ocrx_word' id='word_1_57' title='bbox 1299 967 1384 1020; x_wconf 89' lang='lat' dir='ltr'><strong>supra</strong></span> <span class='ocrx_word' id='word_1_58' title='bbox 1402 952 1462 1006; x_wconf 89' lang='lat' dir='ltr'><strong>dies</strong></span> <span class='ocrx_word' id='word_1_59' title='bbox 1480 951 1654 1017; x_wconf 72' lang='lat' dir='ltr'><strong>prmceden·</strong></span> 
     </span>
     <span class='ocr_line' id='line_1_7' title="bbox 342 1021 1654 1092; baseline -0.004 -10"><span class='ocrx_word' id='word_1_60' title='bbox 342 1031 386 1082; x_wconf 82' lang='lat' dir='ltr'><strong>tes</strong></span> <span class='ocrx_word' id='word_1_61' title='bbox 403 1025 448 1079; x_wconf 82' lang='lat' dir='ltr'><strong>sel</strong></span> <span class='ocrx_word' id='word_1_62' title='bbox 468 1024 651 1092; x_wconf 81' lang='lat' dir='ltr'><strong>spiritualiter</strong></span> <span class='ocrx_word' id='word_1_63' title='bbox 669 1022 868 1091; x_wconf 88' lang='lat' dir='ltr'><strong>intelligendo,</strong></span> <span class='ocrx_word' id='word_1_64' title='bbox 895 1031 1005 1091; x_wconf 89' lang='lat' dir='ltr'><strong>tempus</strong></span> <span class='ocrx_word' id='word_1_65' title='bbox 1028 1021 1150 1092; x_wconf 89' lang='lat' dir='ltr'><strong>gratiae,</strong></span> <span class='ocrx_word' id='word_1_66' title='bbox 1179 1022 1253 1090; x_wconf 87' lang='lat' dir='ltr'><strong>quod</strong></span> <span class='ocrx_word' id='word_1_67' title='bbox 1276 1039 1326 1092; x_wconf 92' lang='lat' dir='ltr'><strong>per</strong></span> <span class='ocrx_word' id='word_1_68' title='bbox 1345 1024 1449 1078; x_wconf 87' lang='lat' dir='ltr'><strong>Christi</strong></span> <span class='ocrx_word' id='word_1_69' title='bbox 1472 1023 1654 1078; x_wconf 78' lang='lat' dir='ltr'><strong>nativitatem</strong></span> 
     </span>
     <span class='ocr_line' id='line_1_8' title="bbox 343 1093 1652 1168; baseline -0.002 -18"><span class='ocrx_word' id='word_1_70' title='bbox 343 1096 535 1168; x_wconf 85' lang='lat' dir='ltr'><strong>praelucidum</strong></span> <span class='ocrx_word' id='word_1_71' title='bbox 560 1095 660 1150; x_wconf 82' lang='lat' dir='ltr'><strong>iactum</strong></span> <span class='ocrx_word' id='word_1_72' title='bbox 683 1101 741 1162; x_wconf 87' lang='lat' dir='ltr'><strong>est,</strong></span> <span class='ocrx_word' id='word_1_73' title='bbox 770 1102 798 1149; x_wconf 87' lang='lat' dir='ltr'><strong>et</strong></span> <span class='ocrx_word' id='word_1_74' title='bbox 822 1094 995 1163; x_wconf 78' lang='lat' dir='ltr'><strong>longitudine</strong></span> <span class='ocrx_word' id='word_1_75' title='bbox 1020 1094 1207 1150; x_wconf 78' lang='lat' dir='ltr'><strong>miserationis</strong></span> <span class='ocrx_word' id='word_1_76' title='bbox 1227 1094 1403 1150; x_wconf 87' lang='lat' dir='ltr'><strong>adauctum.“</strong></span> <span class='ocrx_word' id='word_1_77' title='bbox 1428 1093 1547 1164; x_wconf 80' lang='lat' dir='ltr'><strong>Adelph.</strong></span> <span class='ocrx_word' id='word_1_78' title='bbox 1567 1123 1603 1136; x_wconf 92' lang='lat'><em>-</em></span> <span class='ocrx_word' id='word_1_79' title='bbox 1624 1098 1652 1149; x_wconf 86' lang='grc'><strong><em>7.</em></strong></span> 
     </span>
     <span class='ocr_line' id='line_1_9' title="bbox 343 1165 1652 1238; baseline 0 -17"><span class='ocrx_word' id='word_1_80' title='bbox 343 1166 480 1238; x_wconf 78' lang='lat' dir='ltr'><strong>„Quando</strong></span> <span class='ocrx_word' id='word_1_81' title='bbox 491 1167 619 1222; x_wconf 88' lang='lat' dir='ltr'><strong>Christus</strong></span> <span class='ocrx_word' id='word_1_82' title='bbox 638 1174 722 1222; x_wconf 88' lang='lat' dir='ltr'><strong>natus</strong></span> <span class='ocrx_word' id='word_1_83' title='bbox 741 1174 786 1221; x_wconf 91' lang='lat' dir='ltr'><strong>est</strong></span> <span class='ocrx_word' id='word_1_84' title='bbox 803 1167 832 1221; x_wconf 90' lang='lat' dir='ltr'><strong>in</strong></span> <span class='ocrx_word' id='word_1_85' title='bbox 843 1166 994 1234; x_wconf 85' lang='lat' dir='ltr'><strong>Bethleem,</strong></span> <span class='ocrx_word' id='word_1_86' title='bbox 1014 1165 1210 1221; x_wconf 85' lang='lat' dir='ltr'><strong>suboriebatur</strong></span> <span class='ocrx_word' id='word_1_87' title='bbox 1229 1167 1461 1234; x_wconf 87' lang='lat' dir='ltr'><strong>stellanunquam</strong></span> <span class='ocrx_word' id='word_1_88' title='bbox 1480 1166 1559 1235; x_wconf 89' lang='lat' dir='ltr'><strong>prius</strong></span> <span class='ocrx_word' id='word_1_89' title='bbox 1577 1167 1652 1235; x_wconf 80' lang='lat' dir='ltr'><strong>risa,</strong></span> 
     </span>
    </p>

    <p class='ocr_par' dir='ltr' id='par_1_3' title="bbox 341 1237 1654 1451">
     <span class='ocr_line' id='line_1_10' title="bbox 362 1237 1654 1309; baseline -0.001 -15"><span class='ocrx_word' id='word_1_90' title='bbox 362 1254 415 1294; x_wconf 92' lang='lat' dir='ltr'><strong>uae</strong></span> <span class='ocrx_word' id='word_1_91' title='bbox 441 1238 521 1293; x_wconf 86' lang='lat' dir='ltr'><strong>duxit</strong></span> <span class='ocrx_word' id='word_1_92' title='bbox 545 1255 625 1309; x_wconf 86' lang='lat' dir='ltr'><strong>reges</strong></span> <span class='ocrx_word' id='word_1_93' title='bbox 650 1237 686 1292; x_wconf 87' lang='lat' dir='ltr'><strong>ad</strong></span> <span class='ocrx_word' id='word_1_94' title='bbox 710 1239 798 1292; x_wconf 90' lang='lat' dir='ltr'><strong>locum</strong></span> <span class='ocrx_word' id='word_1_95' title='bbox 818 1238 930 1293; x_wconf 83' lang='lat' dir='ltr'><strong>Christi.</strong></span> <span class='ocrx_word' id='word_1_96' title='bbox 968 1237 1086 1306; x_wconf 89' lang='lat' dir='ltr'><strong>Proprie</strong></span> <span class='ocrx_word' id='word_1_97' title='bbox 1113 1237 1196 1292; x_wconf 85' lang='lat' dir='ltr'><strong>stella</strong></span> <span class='ocrx_word' id='word_1_98' title='bbox 1214 1253 1270 1293; x_wconf 93' lang='lat' dir='ltr'><strong>non</strong></span> <span class='ocrx_word' id='word_1_99' title='bbox 1289 1238 1356 1304; x_wconf 88' lang='lat' dir='ltr'><strong>init,</strong></span> <span class='ocrx_word' id='word_1_100' title='bbox 1385 1238 1435 1292; x_wconf 89' lang='lat' dir='ltr'><strong>sed</strong></span> <span class='ocrx_word' id='word_1_101' title='bbox 1453 1238 1654 1294; x_wconf 87' lang='lat' dir='ltr'><strong>miraculosum</strong></span> 
     </span>
     <span class='ocr_line' id='line_1_11' title="bbox 341 1257 1653 1380; baseline -0.001 -14"><span class='ocrx_word' id='word_1_102' title='bbox 341 1257 461 1378; x_wconf 39' lang='lat' dir='ltr'><strong>iactum,</strong></span> <span class='ocrx_word' id='word_1_103' title='bbox 488 1310 594 1367; x_wconf 88' lang='lat' dir='ltr'><strong>habens</strong></span> <span class='ocrx_word' id='word_1_104' title='bbox 617 1309 715 1367; x_wconf 85' lang='lat' dir='ltr'><strong>atellae</strong></span> <span class='ocrx_word' id='word_1_105' title='bbox 733 1309 970 1378; x_wconf 88' lang='lat' dir='ltr'><strong>dispositionem.“</strong></span> <span class='ocrx_word' id='word_1_106' title='bbox 998 1307 1117 1377; x_wconf 85' lang='lat' dir='ltr'><strong>Adelph.</strong></span> <span class='ocrx_word' id='word_1_107' title='bbox 1137 1339 1171 1349; x_wconf 95' lang='lat'>-</span> <span class='ocrx_word' id='word_1_108' title='bbox 1193 1308 1281 1364; x_wconf 81' lang='lat' dir='ltr'><strong>Ueber</strong></span> <span class='ocrx_word' id='word_1_109' title='bbox 1303 1311 1356 1364; x_wconf 82' lang='lat' dir='ltr'><strong>dea</strong></span> <span class='ocrx_word' id='word_1_110' title='bbox 1374 1308 1576 1380; x_wconf 77' lang='lat' dir='ltr'><strong>Rhythmisclte</strong></span> <span class='ocrx_word' id='word_1_111' title='bbox 1594 1318 1653 1365; x_wconf 89' lang='lat' dir='ltr'><strong>etc.</strong></span> 
     </span>
     <span class='ocr_line' id='line_1_12' title="bbox 343 1381 1654 1451; baseline 0.002 -14"><span class='ocrx_word' id='word_1_112' title='bbox 343 1383 453 1451; x_wconf 81' lang='lat' dir='ltr'><strong>apricht</strong></span> <span class='ocrx_word' id='word_1_113' title='bbox 470 1382 590 1438; x_wconf 84' lang='lat' dir='ltr'><strong>Bartsch</strong></span> <span class='ocrx_word' id='word_1_114' title='bbox 614 1381 644 1441; x_wconf 80' lang='lat' dir='ltr'><strong>S.</strong></span> <span class='ocrx_word' id='word_1_115' title='bbox 669 1385 713 1436; x_wconf 86' lang='grc'><strong><em>10.</em></strong></span> <span class='ocrx_word' id='word_1_116' title='bbox 736 1385 781 1438; x_wconf 84' lang='grc'><strong><em>31.</em></strong></span> <span class='ocrx_word' id='word_1_117' title='bbox 806 1383 849 1436; x_wconf 83' lang='grc'><strong><em>38.</em></strong></span> <span class='ocrx_word' id='word_1_118' title='bbox 871 1384 914 1436; x_wconf 77' lang='grc'><strong><em>47.</em></strong></span> <span class='ocrx_word' id='word_1_119' title='bbox 938 1383 982 1434; x_wconf 84' lang='grc'><strong><em>50.</em></strong></span> <span class='ocrx_word' id='word_1_120' title='bbox 1006 1383 1050 1435; x_wconf 78' lang='lat'><strong>52.</strong></span> <span class='ocrx_word' id='word_1_121' title='bbox 1075 1384 1117 1435; x_wconf 86' lang='grc'><strong><em>76.</em></strong></span> <span class='ocrx_word' id='word_1_122' title='bbox 1143 1384 1185 1436; x_wconf 86' lang='grc'><strong><em>77.</em></strong></span> <span class='ocrx_word' id='word_1_123' title='bbox 1212 1384 1254 1437; x_wconf 87' lang='grc'><strong><em>78.</em></strong></span> <span class='ocrx_word' id='word_1_124' title='bbox 1274 1384 1317 1438; x_wconf 77' lang='grc'><strong><em>79.</em></strong></span> <span class='ocrx_word' id='word_1_125' title='bbox 1335 1385 1379 1436; x_wconf 80' lang='grc'><strong><em>80.</em></strong></span> <span class='ocrx_word' id='word_1_126' title='bbox 1396 1384 1440 1436; x_wconf 80' lang='lat'><strong>82.</strong></span> <span class='ocrx_word' id='word_1_127' title='bbox 1459 1384 1503 1437; x_wconf 88' lang='grc'><strong>93.</strong></span> <span class='ocrx_word' id='word_1_128' title='bbox 1521 1384 1567 1438; x_wconf 84' lang='grc'><strong><em>96.</em></strong></span> <span class='ocrx_word' id='word_1_129' title='bbox 1585 1384 1654 1441; x_wconf 88' lang='grc'><strong><em>117.</em></strong></span> 
     </span>
    </p>
   </div>
   <div class='ocr_carea' id='block_1_3' title="bbox 896 1580 1097 1589">
    <p class='ocr_par' dir='ltr' id='par_1_4' title="bbox 896 1580 1097 1589">
     <span class='ocr_line' id='line_1_13' title="bbox 896 1580 1097 1589; baseline -0.005 0"><span class='ocrx_word' id='word_1_130' title='bbox 896 1580 1097 1589; x_wconf 71' lang='grc' dir='ltr'><strong>μ-----</strong></span> 
     </span>
    </p>
   </div>
   <div class='ocr_carea' id='block_1_4' title="bbox 747 1690 1246 1760">
    <p class='ocr_par' dir='ltr' id='par_1_5' title="bbox 747 1690 1246 1760">
     <span class='ocr_line' id='line_1_14' title="bbox 747 1690 1246 1760; baseline -0.006 0"><span class='ocrx_word' id='word_1_131' title='bbox 747 1697 795 1760; x_wconf 83' lang='grc'><strong><em>12.</em></strong></span> <span class='ocrx_word' id='word_1_132' title='bbox 846 1693 899 1760; x_wconf 91' lang='lat' dir='ltr'><strong>De</strong></span> <span class='ocrx_word' id='word_1_133' title='bbox 919 1692 1081 1760; x_wconf 75' lang='lat' dir='ltr'><strong>nativitate</strong></span> <span class='ocrx_word' id='word_1_134' title='bbox 1101 1690 1246 1758; x_wconf 77' lang='lat' dir='ltr'><strong>Domini.</strong></span> 
     </span>
    </p>
   </div>
   <div class='ocr_carea' id='block_1_5' title="bbox 701 1808 1292 1883">
    <p class='ocr_par' dir='ltr' id='par_1_6' title="bbox 701 1808 1292 1883">
     <span class='ocr_line' id='line_1_15' title="bbox 701 1808 1292 1883; baseline -0.01 -15"><span class='ocrx_word' id='word_1_135' title='bbox 701 1812 817 1883; x_wconf 81' lang='lat' dir='ltr'><strong>(Auctor</strong></span> <span class='ocrx_word' id='word_1_136' title='bbox 840 1818 884 1869; x_wconf 86' lang='lat' dir='ltr'><strong>est</strong></span> <span class='ocrx_word' id='word_1_137' title='bbox 902 1811 1081 1867; x_wconf 90' lang='lat' dir='ltr'><strong>Hildebertus</strong></span> <span class='ocrx_word' id='word_1_138' title='bbox 1100 1808 1292 1878; x_wconf 85' lang='lat' dir='ltr'><strong>Turonensis.)</strong></span> 
     </span>
    </p>
   </div>
   <div class='ocr_carea' id='block_1_6' title="bbox 343 1945 1401 2280">
    <p class='ocr_par' dir='ltr' id='par_1_7' title="bbox 343 1945 1401 2237">
     <span class='ocr_line' id='line_1_16' title="bbox 343 1945 1401 2033; baseline -0.004 -18"><span class='ocrx_word' id='word_1_139' title='bbox 343 1948 504 2016; x_wconf 85' lang='lat' dir='ltr'><strong>Promissa</strong></span> <span class='ocrx_word' id='word_1_140' title='bbox 518 1949 639 2016; x_wconf 88' lang='lat' dir='ltr'><strong>mundo</strong></span> <span class='ocrx_word' id='word_1_141' title='bbox 654 1950 772 2033; x_wconf 87' lang='lat' dir='ltr'><strong>gaudia</strong></span> <span class='ocrx_word' id='word_1_142' title='bbox 1018 1948 1056 2015; x_wconf 95' lang='lat' dir='ltr'><strong>In</strong></span> <span class='ocrx_word' id='word_1_143' title='bbox 1072 1949 1196 2029; x_wconf 86' lang='lat' dir='ltr'><strong>virgine</strong></span> <span class='ocrx_word' id='word_1_144' title='bbox 1212 1945 1401 2026; x_wconf 83' lang='lat' dir='ltr'><strong>fecunditas,</strong></span> 
     </span>
     <span class='ocr_line' id='line_1_17' title="bbox 344 2031 1384 2117; baseline -0.003 -18"><span class='ocrx_word' id='word_1_145' title='bbox 344 2033 722 2117; x_wconf 84' lang='lat' dir='ltr'><strong>Supernasolvitgratia</strong></span> <span class='ocrx_word' id='word_1_146' title='bbox 1018 2033 1056 2098; x_wconf 93' lang='lat' dir='ltr'><strong>In</strong></span> <span class='ocrx_word' id='word_1_147' title='bbox 1071 2032 1160 2116; x_wconf 91' lang='lat' dir='ltr'><strong>prole</strong></span> <span class='ocrx_word' id='word_1_148' title='bbox 1175 2031 1265 2097; x_wconf 80' lang='lat' dir='ltr'><strong>fulsit</strong></span> <span class='ocrx_word' id='word_1_149' title='bbox 1280 2031 1384 2097; x_wconf 88' lang='lat' dir='ltr'><strong>deitas</strong></span> 
     </span>
     <span class='ocr_line' id='line_1_18' title="bbox 344 2117 1168 2237; baseline 0.001 -54"><span class='ocrx_word' id='word_1_150' title='bbox 344 2118 404 2184; x_wconf 91' lang='lat' dir='ltr'><strong>Die</strong></span> <span class='ocrx_word' id='word_1_151' title='bbox 417 2120 496 2183; x_wconf 87' lang='lat' dir='ltr'><strong>ista:</strong></span> <span class='ocrx_word' id='word_1_152' title='bbox 1018 2117 1168 2237; x_wconf 54' lang='lat' dir='ltr'><strong>Dieieta.</strong></span> 
     </span>
    </p>

    <p class='ocr_par' dir='ltr' id='par_1_8' title="bbox 1163 2243 1180 2280">
     <span class='ocr_line' id='line_1_19' title="bbox 1163 2243 1180 2280; baseline 0 0"><span class='ocrx_word' id='word_1_153' title='bbox 1163 2243 1180 2280; x_wconf 70' lang='lat' dir='ltr'><strong>¹l=</strong></span> 
     </span>
    </p>
   </div>
   <div class='ocr_carea' id='block_1_7' title="bbox 343 2308 1656 2453">
    <p class='ocr_par' dir='ltr' id='par_1_9' title="bbox 343 2308 1656 2453">
     <span class='ocr_line' id='line_1_20' title="bbox 414 2308 1656 2380; baseline 0 -15"><span class='ocrx_word' id='word_1_154' title='bbox 414 2309 512 2365; x_wconf 73' lang='lat' dir='ltr'><strong>Text.</strong></span> <span class='ocrx_word' id='word_1_155' title='bbox 548 2309 648 2365; x_wconf 82' lang='lat' dir='ltr'><strong>Daniel</strong></span> <span class='ocrx_word' id='word_1_156' title='bbox 666 2310 703 2377; x_wconf 89' lang='lat'><strong>11,</strong></span> <span class='ocrx_word' id='word_1_157' title='bbox 721 2313 765 2366; x_wconf 79' lang='lat'><strong>68.</strong></span> <span class='ocrx_word' id='word_1_158' title='bbox 784 2311 933 2379; x_wconf 83' lang='lat' dir='ltr'><strong>„continet</strong></span> <span class='ocrx_word' id='word_1_159' title='bbox 950 2323 1064 2364; x_wconf 87' lang='lat' dir='ltr'><strong>carmen</strong></span> <span class='ocrx_word' id='word_1_160' title='bbox 1082 2310 1212 2380; x_wconf 87' lang='lat' dir='ltr'><strong>strophas</strong></span> <span class='ocrx_word' id='word_1_161' title='bbox 1230 2308 1426 2375; x_wconf 86' lang='lat' dir='ltr'><strong>novemdecim,</strong></span> <span class='ocrx_word' id='word_1_162' title='bbox 1445 2314 1475 2363; x_wconf 88' lang='lat' dir='ltr'><strong>et</strong></span> <span class='ocrx_word' id='word_1_163' title='bbox 1492 2320 1544 2378; x_wconf 90' lang='lat' dir='ltr'><strong>per</strong></span> <span class='ocrx_word' id='word_1_164' title='bbox 1557 2312 1656 2365; x_wconf 86' lang='lat' dir='ltr'><strong>totum</strong></span> 
     </span>
     <span class='ocr_line' id='line_1_21' title="bbox 343 2379 1488 2453; baseline -0.003 -16"><span class='ocrx_word' id='word_1_165' title='bbox 343 2383 464 2437; x_wconf 88' lang='lat' dir='ltr'><strong>recurrit</strong></span> <span class='ocrx_word' id='word_1_166' title='bbox 481 2381 664 2453; x_wconf 82' lang='lat' dir='ltr'><strong>hypopsalma</strong></span> <span class='ocrx_word' id='word_1_167' title='bbox 682 2382 765 2438; x_wconf 92' lang='lat' dir='ltr'><strong>illud:</strong></span> <span class='ocrx_word' id='word_1_168' title='bbox 785 2383 839 2438; x_wconf 90' lang='lat' dir='ltr'><strong>Die</strong></span> <span class='ocrx_word' id='word_1_169' title='bbox 857 2382 920 2439; x_wconf 88' lang='lat' dir='ltr'><strong>ista.</strong></span> <span class='ocrx_word' id='word_1_170' title='bbox 939 2379 1044 2436; x_wconf 82' lang='lat' dir='ltr'><strong>Rarum</strong></span> <span class='ocrx_word' id='word_1_171' title='bbox 1064 2388 1108 2437; x_wconf 90' lang='lat' dir='ltr'><strong>est</strong></span> <span class='ocrx_word' id='word_1_172' title='bbox 1126 2382 1155 2437; x_wconf 93' lang='lat' dir='ltr'><strong>in</strong></span> <span class='ocrx_word' id='word_1_173' title='bbox 1172 2381 1361 2438; x_wconf 81' lang='lat' dir='ltr'><strong>Missalibus.“</strong></span> <span class='ocrx_word' id='word_1_174' title='bbox 1379 2379 1488 2436; x_wconf 88' lang='lat' dir='ltr'><strong>Daniel.</strong></span> 
     </span>
    </p>
   </div>
   <div class='ocr_carea' id='block_1_8' title="bbox 1222 2201 1239 2239">
    <p class='ocr_par' dir='ltr' id='par_1_10' title="bbox 1222 2201 1239 2239">
     <span class='ocr_line' id='line_1_22' title="bbox 1222 2201 1239 2239; baseline 0 0"><span class='ocrx_word' id='word_1_175' title='bbox 1222 2201 1239 2239; x_wconf 77' lang='lat' dir='ltr'><strong>¹l¹</strong></span> 
     </span>
    </p>
   </div>
   <div class='ocr_carea' id='block_1_9' title="bbox 711 2676 1277 2882">
    <p class='ocr_par' dir='ltr' id='par_1_11' title="bbox 711 2676 1277 2882">
     <span class='ocr_line' id='line_1_23' title="bbox 748 2676 1246 2746; baseline 0.008 -3"><span class='ocrx_word' id='word_1_176' title='bbox 748 2682 797 2745; x_wconf 82' lang='lat'><strong>13.</strong></span> <span class='ocrx_word' id='word_1_177' title='bbox 846 2676 899 2744; x_wconf 87' lang='lat' dir='ltr'><strong>De</strong></span> <span class='ocrx_word' id='word_1_178' title='bbox 920 2678 1081 2745; x_wconf 65' lang='lat' dir='ltr'><strong>nailmlote</strong></span> <span class='ocrx_word' id='word_1_179' title='bbox 1101 2676 1246 2746; x_wconf 79' lang='lat' dir='ltr'><strong>Domini.</strong></span> 
     </span>
     <span class='ocr_line' id='line_1_24' title="bbox 711 2809 1277 2882; baseline 0.007 -16"><span class='ocrx_word' id='word_1_180' title='bbox 711 2809 827 2881; x_wconf 73' lang='lat' dir='ltr'><strong>(humor</strong></span> <span class='ocrx_word' id='word_1_181' title='bbox 858 2820 902 2872; x_wconf 88' lang='lat' dir='ltr'><strong>est</strong></span> <span class='ocrx_word' id='word_1_182' title='bbox 929 2815 955 2871; x_wconf 85' lang='lat' dir='ltr'><strong>S.</strong></span> <span class='ocrx_word' id='word_1_183' title='bbox 983 2814 1165 2870; x_wconf 88' lang='lat' dir='ltr'><strong>Bernhardus</strong></span> <span class='ocrx_word' id='word_1_184' title='bbox 1193 2813 1277 2882; x_wconf 70' lang='lat' dir='ltr'><strong>clar.)</strong></span> 
     </span>
    </p>
   </div>
   <div class='ocr_carea' id='block_1_10' title="bbox 348 2930 1484 4965">
    <p class='ocr_par' dir='ltr' id='par_1_12' title="bbox 348 2930 1484 4965">
     <span class='ocr_line' id='line_1_25' title="bbox 368 2930 1036 3082; baseline 0.006 -83"><span class='ocrx_word' id='word_1_185' title='bbox 368 2938 395 2999; x_wconf 95' lang='grc'><strong><em>1.</em></strong></span> <span class='ocrx_word' id='word_1_186' title='bbox 418 2930 646 3082; x_wconf 51' lang='lat' dir='ltr'><strong>kaletlahundus</strong></span> <span class='ocrx_word' id='word_1_187' title='bbox 661 2930 781 3001; x_wconf 85' lang='lat' dir='ltr'><strong>exultet</strong></span> <span class='ocrx_word' id='word_1_188' title='bbox 793 2934 897 3003; x_wconf 88' lang='lat' dir='ltr'><strong>fidelis</strong></span> <span class='ocrx_word' id='word_1_189' title='bbox 910 2936 1036 3016; x_wconf 89' lang='lat' dir='ltr'><strong>chorus,</strong></span> 
     </span>
     <span class='ocr_line' id='line_1_26' title="bbox 472 3034 565 3082; baseline 0.011 -1"><span class='ocrx_word' id='word_1_190' title='bbox 472 3034 489 3081; x_wconf 86' lang='lat' dir='ltr'><strong>e</strong></span> <span class='ocrx_word' id='word_1_191' title='bbox 502 3034 565 3082; x_wconf 86' lang='lat' dir='ltr'><strong>ura.</strong></span> 
     </span>
     <span class='ocr_line' id='line_1_27' title="bbox 367 3101 1126 3191; baseline 0.005 -24"><span class='ocrx_word' id='word_1_192' title='bbox 367 3105 395 3167; x_wconf 83' lang='lat'><strong>2.</strong></span> <span class='ocrx_word' id='word_1_193' title='bbox 418 3101 539 3183; x_wconf 83' lang='lat' dir='ltr'><strong>Regem</strong></span> <span class='ocrx_word' id='word_1_194' title='bbox 553 3118 664 3183; x_wconf 87' lang='lat' dir='ltr'><strong>regum</strong></span> <span class='ocrx_word' id='word_1_195' title='bbox 678 3104 818 3173; x_wconf 74' lang='lat' dir='ltr'><strong>hucne</strong></span> <span class='ocrx_word' id='word_1_196' title='bbox 831 3104 999 3191; x_wconf 80' lang='lat' dir='ltr'><strong>profundit</strong></span> <span class='ocrx_word' id='word_1_197' title='bbox 1007 3102 1126 3173; x_wconf 58' lang='lat' dir='ltr'><strong>’morus</strong></span> 
     </span>
     <span class='ocr_line' id='line_1_28' title="bbox 417 3187 651 3255; baseline 0.017 -4"><span class='ocrx_word' id='word_1_198' title='bbox 417 3187 481 3254; x_wconf 89' lang='lat' dir='ltr'><strong>Res</strong></span> <span class='ocrx_word' id='word_1_199' title='bbox 496 3188 651 3255; x_wconf 88' lang='lat' dir='ltr'><strong>miranda.</strong></span> 
     </span>
     <span class='ocr_line' id='line_1_29' title="bbox 364 3271 1068 3358; baseline 0.006 -22"><span class='ocrx_word' id='word_1_200' title='bbox 364 3275 393 3336; x_wconf 90' lang='lat'><strong>3.</strong></span> <span class='ocrx_word' id='word_1_201' title='bbox 415 3271 559 3352; x_wconf 79' lang='lat' dir='ltr'><strong>Angelus</strong></span> <span class='ocrx_word' id='word_1_202' title='bbox 572 3272 697 3339; x_wconf 86' lang='lat' dir='ltr'><strong>consilii</strong></span> <span class='ocrx_word' id='word_1_203' title='bbox 710 3277 806 3342; x_wconf 82' lang='lat' dir='ltr'><strong>natus</strong></span> <span class='ocrx_word' id='word_1_204' title='bbox 821 3281 872 3341; x_wconf 88' lang='lat' dir='ltr'><strong>est</strong></span> <span class='ocrx_word' id='word_1_205' title='bbox 886 3274 927 3340; x_wconf 92' lang='lat' dir='ltr'><strong>de</strong></span> <span class='ocrx_word' id='word_1_206' title='bbox 941 3275 1068 3358; x_wconf 83' lang='lat' dir='ltr'><strong>virgine</strong></span> 
     </span>
     <span class='ocr_line' id='line_1_30' title="bbox 420 3355 649 3423; baseline -0.004 -2"><span class='ocrx_word' id='word_1_207' title='bbox 420 3355 473 3421; x_wconf 89' lang='lat' dir='ltr'><strong>Sol</strong></span> <span class='ocrx_word' id='word_1_208' title='bbox 490 3356 530 3421; x_wconf 92' lang='lat' dir='ltr'><strong>de</strong></span> <span class='ocrx_word' id='word_1_209' title='bbox 546 3355 649 3423; x_wconf 89' lang='lat' dir='ltr'><strong>stella.</strong></span> 
     </span>
     <span class='ocr_line' id='line_1_31' title="bbox 367 3439 1202 3527; baseline 0.007 -20"><span class='ocrx_word' id='word_1_210' title='bbox 367 3445 396 3507; x_wconf 87' lang='grc'><strong><em>4.</em></strong></span> <span class='ocrx_word' id='word_1_211' title='bbox 419 3439 474 3507; x_wconf 87' lang='lat' dir='ltr'><strong>Sol</strong></span> <span class='ocrx_word' id='word_1_212' title='bbox 490 3458 636 3507; x_wconf 85' lang='lat' dir='ltr'><strong>occasum</strong></span> <span class='ocrx_word' id='word_1_213' title='bbox 649 3440 801 3523; x_wconf 82' lang='lat' dir='ltr'><strong>nesciam,</strong></span> <span class='ocrx_word' id='word_1_214' title='bbox 817 3444 911 3510; x_wconf 88' lang='lat' dir='ltr'><strong>stella</strong></span> <span class='ocrx_word' id='word_1_215' title='bbox 926 3460 1052 3527; x_wconf 86' lang='lat' dir='ltr'><strong>semper</strong></span> <span class='ocrx_word' id='word_1_216' title='bbox 1065 3443 1202 3512; x_wconf 87' lang='lat' dir='ltr'><strong>rutilans</strong></span> 
     </span>
     <span class='ocr_line' id='line_1_32' title="bbox 419 3526 662 3607; baseline -0.004 -15"><span class='ocrx_word' id='word_1_217' title='bbox 419 3526 552 3607; x_wconf 84' lang='lat' dir='ltr'><strong>Semper</strong></span> <span class='ocrx_word' id='word_1_218' title='bbox 566 3526 662 3591; x_wconf 90' lang='lat' dir='ltr'><strong>clara</strong></span> 
     </span>
     <span class='ocr_line' id='line_1_33' title="bbox 367 3608 1111 3694; baseline 0.008 -21"><span class='ocrx_word' id='word_1_219' title='bbox 367 3609 397 3675; x_wconf 82' lang='lat'><strong>5.</strong></span> <span class='ocrx_word' id='word_1_220' title='bbox 420 3610 511 3676; x_wconf 85' lang='lat' dir='ltr'><strong>Sicut</strong></span> <span class='ocrx_word' id='word_1_221' title='bbox 525 3609 614 3676; x_wconf 88' lang='lat' dir='ltr'><strong>sidus</strong></span> <span class='ocrx_word' id='word_1_222' title='bbox 627 3610 754 3675; x_wconf 89' lang='lat' dir='ltr'><strong>rudium</strong></span> <span class='ocrx_word' id='word_1_223' title='bbox 768 3608 891 3694; x_wconf 80' lang='lat' dir='ltr'><strong>profert</strong></span> <span class='ocrx_word' id='word_1_224' title='bbox 904 3610 995 3693; x_wconf 84' lang='lat' dir='ltr'><strong>virgo</strong></span> <span class='ocrx_word' id='word_1_225' title='bbox 1010 3611 1111 3679; x_wconf 86' lang='lat' dir='ltr'><strong>filium</strong></span> 
     </span>
     <span class='ocr_line' id='line_1_34' title="bbox 418 3692 619 3761; baseline 0.005 -1"><span class='ocrx_word' id='word_1_226' title='bbox 418 3694 494 3760; x_wconf 91' lang='lat' dir='ltr'><strong>Pari</strong></span> <span class='ocrx_word' id='word_1_227' title='bbox 508 3692 619 3761; x_wconf 81' lang='lat' dir='ltr'><strong>forma</strong></span> 
     </span>
     <span class='ocr_line' id='line_1_35' title="bbox 367 3776 1059 3863; baseline 0.007 -20"><span class='ocrx_word' id='word_1_228' title='bbox 367 3781 397 3849; x_wconf 86' lang='lat'><strong>6.</strong></span> <span class='ocrx_word' id='word_1_229' title='bbox 419 3779 531 3861; x_wconf 84' lang='lat' dir='ltr'><strong>Neque</strong></span> <span class='ocrx_word' id='word_1_230' title='bbox 547 3776 744 3846; x_wconf 86' lang='lat' dir='ltr'><strong>sidusradio</strong></span> <span class='ocrx_word' id='word_1_231' title='bbox 758 3797 861 3863; x_wconf 89' lang='lat' dir='ltr'><strong>neque</strong></span> <span class='ocrx_word' id='word_1_232' title='bbox 875 3786 980 3847; x_wconf 88' lang='lat' dir='ltr'><strong>mater</strong></span> <span class='ocrx_word' id='word_1_233' title='bbox 993 3780 1059 3849; x_wconf 90' lang='lat' dir='ltr'><strong>filio</strong></span> 
     </span>
     <span class='ocr_line' id='line_1_36' title="bbox 419 3864 646 3930; baseline -0.009 0"><span class='ocrx_word' id='word_1_234' title='bbox 419 3864 472 3930; x_wconf 87' lang='lat' dir='ltr'><strong>Fit</strong></span> <span class='ocrx_word' id='word_1_235' title='bbox 486 3881 579 3929; x_wconf 90' lang='lat' dir='ltr'><strong>corru</strong></span> <span class='ocrx_word' id='word_1_236' title='bbox 604 3869 646 3929; x_wconf 89' lang='lat' dir='ltr'><strong>ta.</strong></span> 
     </span>
     <span class='ocr_line' id='line_1_37' title="bbox 367 3884 1136 4034; baseline 0.005 -23"><span class='ocrx_word' id='word_1_237' title='bbox 367 3950 397 4015; x_wconf 78' lang='lat'><strong>7.</strong></span> <span class='ocrx_word' id='word_1_238' title='bbox 420 3948 542 4014; x_wconf 85' lang='lat' dir='ltr'><strong>Gedrus</strong></span> <span class='ocrx_word' id='word_1_239' title='bbox 558 3884 624 4015; x_wconf 62' lang='lat' dir='ltr'><strong>afta</strong></span> <span class='ocrx_word' id='word_1_240' title='bbox 637 3947 753 4015; x_wconf 86' lang='lat' dir='ltr'><strong>Libani</strong></span> <span class='ocrx_word' id='word_1_241' title='bbox 768 3947 985 4018; x_wconf 85' lang='lat' dir='ltr'><strong>conformatur</strong></span> <span class='ocrx_word' id='word_1_242' title='bbox 999 3950 1136 4034; x_wconf 84' lang='lat' dir='ltr'><strong>hyssopo</strong></span> 
     </span>
     <span class='ocr_line' id='line_1_38' title="bbox 419 4032 648 4099; baseline 0 0"><span class='ocrx_word' id='word_1_243' title='bbox 419 4032 512 4099; x_wconf 87' lang='lat' dir='ltr'><strong>Valle</strong></span> <span class='ocrx_word' id='word_1_244' title='bbox 526 4039 648 4099; x_wconf 81' lang='lat' dir='ltr'><strong>nostra</strong></span> 
     </span>
     <span class='ocr_line' id='line_1_39' title="bbox 367 4116 1176 4203; baseline -0.001 -15"><span class='ocrx_word' id='word_1_245' title='bbox 367 4125 398 4188; x_wconf 85' lang='lat'><strong>8.</strong></span> <span class='ocrx_word' id='word_1_246' title='bbox 419 4116 562 4183; x_wconf 88' lang='lat' dir='ltr'><strong>Verbum</strong></span> <span class='ocrx_word' id='word_1_247' title='bbox 577 4137 634 4184; x_wconf 90' lang='lat' dir='ltr'><strong>ens</strong></span> <span class='ocrx_word' id='word_1_248' title='bbox 649 4116 797 4184; x_wconf 87' lang='lat' dir='ltr'><strong>altissimi</strong></span> <span class='ocrx_word' id='word_1_249' title='bbox 810 4120 967 4203; x_wconf 88' lang='lat' dir='ltr'><strong>corporali</strong></span> <span class='ocrx_word' id='word_1_250' title='bbox 981 4138 1112 4203; x_wconf 88' lang='lat' dir='ltr'><strong>passum</strong></span> <span class='ocrx_word' id='word_1_251' title='bbox 1127 4124 1176 4187; x_wconf 83' lang='lat' dir='ltr'><strong>ast</strong></span> 
     </span>
     <span class='ocr_line' id='line_1_40' title="bbox 421 4201 676 4285; baseline 0 -18"><span class='ocrx_word' id='word_1_252' title='bbox 421 4201 524 4268; x_wconf 81' lang='lat' dir='ltr'><strong>Carne</strong></span> <span class='ocrx_word' id='word_1_253' title='bbox 539 4208 676 4285; x_wconf 87' lang='lat' dir='ltr'><strong>sumpta.</strong></span> 
     </span>
     <span class='ocr_line' id='line_1_41' title="bbox 368 4287 1455 4436; baseline 0.004 -85"><span class='ocrx_word' id='word_1_254' title='bbox 368 4288 397 4351; x_wconf 90' lang='grc'><strong><em>9.</em></strong></span> <span class='ocrx_word' id='word_1_255' title='bbox 419 4287 522 4436; x_wconf 41' lang='lat' dir='ltr'><strong>{enias</strong></span> <span class='ocrx_word' id='word_1_256' title='bbox 537 4287 661 4367; x_wconf 88' lang='lat' dir='ltr'><strong>cecinit,</strong></span> <span class='ocrx_word' id='word_1_257' title='bbox 684 4288 855 4369; x_wconf 79' lang='lat' dir='ltr'><strong>synagoga</strong></span> <span class='ocrx_word' id='word_1_258' title='bbox 868 4289 1024 4369; x_wconf 83' lang='lat' dir='ltr'><strong>meminit,</strong></span> <span class='ocrx_word' id='word_1_259' title='bbox 1039 4306 1202 4372; x_wconf 80' lang='lat' dir='ltr'><strong>nmquam</strong></span> <span class='ocrx_word' id='word_1_260' title='bbox 1216 4295 1323 4357; x_wconf 85' lang='lat' dir='ltr'><strong>tamen</strong></span> <span class='ocrx_word' id='word_1_261' title='bbox 1338 4290 1455 4375; x_wconf 81' lang='lat' dir='ltr'><strong>desinit</strong></span> 
     </span>
     <span class='ocr_line' id='line_1_42' title="bbox 450 4389 619 4438; baseline 0.006 -1"><span class='ocrx_word' id='word_1_262' title='bbox 450 4389 503 4437; x_wconf 85' lang='lat' dir='ltr'><strong>sse</strong></span> <span class='ocrx_word' id='word_1_263' title='bbox 517 4389 619 4438; x_wconf 82' lang='lat' dir='ltr'><strong>caeca</strong></span> 
     </span>
     <span class='ocr_line' id='line_1_43' title="bbox 348 4454 1484 4542; baseline 0.001 -18"><span class='ocrx_word' id='word_1_264' title='bbox 348 4463 398 4526; x_wconf 92' lang='lat'><strong>10.</strong></span> <span class='ocrx_word' id='word_1_265' title='bbox 422 4456 456 4522; x_wconf 84' lang='lat' dir='ltr'><strong>Si</strong></span> <span class='ocrx_word' id='word_1_266' title='bbox 471 4473 534 4522; x_wconf 90' lang='lat' dir='ltr'><strong>non</strong></span> <span class='ocrx_word' id='word_1_267' title='bbox 549 4458 615 4523; x_wconf 91' lang='lat' dir='ltr'><strong>suis</strong></span> <span class='ocrx_word' id='word_1_268' title='bbox 629 4454 757 4521; x_wconf 85' lang='lat' dir='ltr'><strong>vatibus</strong></span> <span class='ocrx_word' id='word_1_269' title='bbox 773 4457 884 4523; x_wconf 81' lang='lat' dir='ltr'><strong>credat</strong></span> <span class='ocrx_word' id='word_1_270' title='bbox 898 4456 948 4523; x_wconf 83' lang='lat' dir='ltr'><strong>vel</strong></span> <span class='ocrx_word' id='word_1_271' title='bbox 962 4456 1143 4540; x_wconf 84' lang='lat' dir='ltr'><strong>gentilibus,</strong></span> <span class='ocrx_word' id='word_1_272' title='bbox 1160 4458 1238 4542; x_wconf 83' lang='lat' dir='ltr'><strong>Sybi</strong></span> <span class='ocrx_word' id='word_1_273' title='bbox 1249 4460 1324 4526; x_wconf 88' lang='lat' dir='ltr'><strong>linis</strong></span> <span class='ocrx_word' id='word_1_274' title='bbox 1339 4461 1484 4527; x_wconf 88' lang='lat' dir='ltr'><strong>versibus</strong></span> 
     </span>
     <span class='ocr_line' id='line_1_44' title="bbox 419 4540 696 4622; baseline 0 -17"><span class='ocrx_word' id='word_1_275' title='bbox 419 4540 509 4605; x_wconf 91' lang='lat' dir='ltr'><strong>Haec</strong></span> <span class='ocrx_word' id='word_1_276' title='bbox 522 4540 696 4622; x_wconf 89' lang='lat' dir='ltr'><strong>praedicta.</strong></span> 
     </span>
     <span class='ocr_line' id='line_1_45' title="bbox 349 4623 1294 4709; baseline -0.002 -14"><span class='ocrx_word' id='word_1_277' title='bbox 349 4634 397 4696; x_wconf 92' lang='grc'><strong><em>11.</em></strong></span> <span class='ocrx_word' id='word_1_278' title='bbox 421 4623 535 4690; x_wconf 83' lang='lat' dir='ltr'><strong>Infelix</strong></span> <span class='ocrx_word' id='word_1_279' title='bbox 549 4643 696 4709; x_wconf 91' lang='lat' dir='ltr'><strong>propera,</strong></span> <span class='ocrx_word' id='word_1_280' title='bbox 711 4623 805 4690; x_wconf 90' lang='lat' dir='ltr'><strong>crede</strong></span> <span class='ocrx_word' id='word_1_281' title='bbox 819 4624 871 4690; x_wconf 86' lang='lat' dir='ltr'><strong>sel</strong></span> <span class='ocrx_word' id='word_1_282' title='bbox 885 4629 1005 4707; x_wconf 87' lang='lat' dir='ltr'><strong>vetera,</strong></span> <span class='ocrx_word' id='word_1_283' title='bbox 1022 4645 1078 4693; x_wconf 89' lang='lat' dir='ltr'><strong>cur</strong></span> <span class='ocrx_word' id='word_1_284' title='bbox 1091 4626 1294 4694; x_wconf 79' lang='lat' dir='ltr'><strong>damnaberis</strong></span> 
     </span>
     <span class='ocr_line' id='line_1_46' title="bbox 421 4708 647 4775; baseline 0 0"><span class='ocrx_word' id='word_1_285' title='bbox 421 4708 508 4775; x_wconf 81' lang='lat' dir='ltr'><strong>(lens</strong></span> <span class='ocrx_word' id='word_1_286' title='bbox 522 4710 647 4775; x_wconf 89' lang='lat' dir='ltr'><strong>misera.</strong></span> 
     </span>
     <span class='ocr_line' id='line_1_47' title="bbox 349 4792 1332 4947; baseline -0.002 -83"><span class='ocrx_word' id='word_1_287' title='bbox 349 4800 399 4864; x_wconf 77' lang='grc'><strong><em>11.</em></strong></span> <span class='ocrx_word' id='word_1_288' title='bbox 419 4796 541 4947; x_wconf 49' lang='lat' dir='ltr'><strong>{atum</strong></span> <span class='ocrx_word' id='word_1_289' title='bbox 557 4794 734 4876; x_wconf 88' lang='lat' dir='ltr'><strong>considera,</strong></span> <span class='ocrx_word' id='word_1_290' title='bbox 749 4810 846 4877; x_wconf 85' lang='lat' dir='ltr'><strong>quem</strong></span> <span class='ocrx_word' id='word_1_291' title='bbox 861 4792 954 4861; x_wconf 87' lang='lat' dir='ltr'><strong>docet</strong></span> <span class='ocrx_word' id='word_1_292' title='bbox 968 4795 1088 4878; x_wconf 84' lang='lat' dir='ltr'><strong>littera,</strong></span> <span class='ocrx_word' id='word_1_293' title='bbox 1102 4796 1207 4880; x_wconf 89' lang='lat' dir='ltr'><strong>ipsum</strong></span> <span class='ocrx_word' id='word_1_294' title='bbox 1222 4795 1332 4878; x_wconf 82' lang='lat' dir='ltr'><strong>gemuit</strong></span> 
     </span>
     <span class='ocr_line' id='line_1_48' title="bbox 448 4898 591 4965; baseline -0.007 -18"><span class='ocrx_word' id='word_1_295' title='bbox 448 4898 591 4965; x_wconf 89' lang='lat' dir='ltr'><strong>uerpera.</strong></span> 
     </span>
    </p>
   </div>
   <div class='ocr_carea' id='block_1_11' title="bbox 0 0 1996 5800">
    <p class='ocr_par' dir='ltr' id='par_1_13' title="bbox 0 0 1996 5800">
     <span class='ocr_line' id='line_1_49' title="bbox 0 0 1996 5800; baseline 0 0"><span class='ocrx_word' id='word_1_296' title='bbox 0 0 1996 5800; x_wconf 95' lang='lat' dir='ltr'><strong> </strong></span> 
     </span>
    </p>
   </div>
  </div>
 </body>
</html>
