3975 5800
937 647 1168 711 -134-

406 830 435 891 5.
463 823 549 907 Ergo
565 823 660 890 debet
676 826 833 907 reuereri,
1137 827 1183 894 Ut
1198 829 1249 894 die
1264 828 1434 896 nouissime

461 908 505 973 Et
520 910 634 974 devote
649 910 804 975 celebrari
1136 913 1173 978 Iu
1188 919 1319 979 aeterua
1331 914 1442 995 requie

460 994 538 1058 Dies
552 992 631 1059 haec
646 995 855 1060 sanctissima.
1135 997 1275 1063 Nostrae
1288 997 1398 1064 tiveut
1412 998 1536 1063 enimse

461 1076 870 1143 Celebreutesveneremus
1135 1080 1489 1165 Redemptomsgratr'a.
1518 1083 1632 1148 Amen.

460 1162 504 1226 Et
519 1162 632 1227 devote
646 1164 855 1243 postulemus,

476 1287 501 1326 a.
520 1270 615 1325 reue.
653 1270 786 1340 resep.
806 1274 867 1326 251.
887 1286 921 1326 ex
941 1272 1142 1342 cliehtov.1v‚
1163 1277 1222 1329 rse.
1260 1304 1294 1315 -
1328 1275 1431 1330 Daniel
1448 1275 1482 1344 v,
1501 1236 1563 1331 me.
1589 1275 1641 1330 rat
1657 1275 1708 1329 seu

404 1341 475 1396 Text
493 1343 566 1397 auch
584 1358 636 1397 aus
655 1342 751 1397 Clieht.

476 1432 502 1484 b.
523 1429 709 1484 Leearten.
748 1435 771 1500 1,
791 1434 816 1484 2.
836 1446 999 1486 veneremur
1018 1431 1115 1486 Clirht.
1136 1432 1195 1485 und
1212 1447 1243 1486 eo
1263 1433 1336 1487 auch
1354 1435 1379 1502 5,
1398 1437 1423 1487 4.
1445 1432 1517 1501 „Sed
1536 1449 1620 1501 quum
1639 1435 1665 1501 5,
1687 1437 1710 1486 1.

404 1503 636 1630 ssffl‘ffissff
654 1508 751 1557 utetur
769 1509 861 1572 poeta,
880 1517 1087 1558 veneremur
1106 1509 1135 1557 et
1152 1504 1198 1558 hie
1216 1504 1355 1559 restitui.“
1391 1504 1487 1559 Nesle.
1507 1535 1541 1547 -
1561 1508 1587 1574 5,
1606 1506 1632 1558 6.
1661 1521 1710 1560 uo·

476 1676 498 1715 c.
517 1659 673 1715 Bemerle.
692 1664 719 1727 4,
739 1664 763 1715 5.
783 1661 870 1730 „Tem
889 1659 1007 1715 celebris
1026 1666 1055 1714 et
1073 1665 1171 1714 sancte
1189 1659 1299 1727 (inquit)
1319 1665 1363 1713 est
1381 1656 1441 1715 dies
1459 1659 1581 1730 Domini,
1605 1665 1638 1715 ut
1656 1660 1709 1730 epi·

404 1748 551 1803 stuporum
570 1733 741 1789 consecratio
760 1733 889 1788 nonnisi
908 1731 1001 1786 indie
1020 1730 1157 1787 dominice
1175 1730 1236 1785 fieri
1255 1730 1362 1800 debeat,
1381 1730 1533 1787 secuudum
1549 1731 1709 1787 eenouieem

405 1806 609 1860 sanctionem.“
628 1804 760 1860 Clichtor.

955 1967 1001 1972 -...
1010 1967 1022 1972 .-
1032 1966 1152 1973 ....--.-,.

519 2083 587 2144 165.
631 2077 811 2146 Dominicis
832 2079 939 2144 diebus
960 2085 1051 2144 extra
1071 2081 1238 2145 adventum
1259 2082 1287 2142 et
1307 2077 1592 2161 quadragesimum.

406 2221 432 2281 l.
460 2213 582 2278 Adesto
598 2213 665 2278 dies
680 2213 848 2279 recolenda
1079 2217 1108 2279 5.
1135 2213 1171 2278 Iu
1187 2212 1269 2276 hauc
1283 2212 1366 2277 diem
1381 2216 1596 2276 commutetur

458 2296 614 2363 Mireudis
628 2297 791 2379 prodigiis,
1134 2294 1288 2361 Iudaismi
1303 2294 1482 2374 sabbatum,

459 2380 849 2447 Datsuobisvenersuda
1133 2380 1171 2444 In
1185 2398 1250 2461 qus
1264 2380 1352 2445 misit
1365 2378 1454 2445 Deus
1468 2378 1566 2445 Peter

459 2465 781 2548 Devotisobsequiis.
1134 2466 1309 2529 Aeternum
1324 2463 1537 2545 Pererlytum.

405 2554 434 2615 2.
459 2549 548 2615 Haec
563 2548 686 2614 dierum
700 2549 804 2630 prims
819 2549 896 2629 dies,
1079 2552 1108 2613 6.
1133 2549 1195 2613 Est
1208 2552 1341 2630 septena
1355 2547 1423 2613 dies
1437 2548 1510 2629 iste,

459 2633 676 2715 quuaorbis
695 2633 832 2711 cuditur,
1134 2630 1223 2708 Quae
1237 2631 1361 2698 iubete
1379 2631 1465 2697 vitiis

459 2717 632 2799 Postquam
647 2724 738 2800 peter
756 2716 1019 2799 prothoplaustus
1134 2715 1266 2782 Cessare
1282 2721 1315 2781 et
1329 2714 1473 2783 exultare

458 2801 616 2883 Exculpe
634 2799 790 2868 deiiritur.
1133 2800 1256 2866 Divinis
1270 2799 1429 2882 tripudiis.

404 2892 433 2952 3.
459 2884 560 2963 Quem
574 2904 727 2967 repersus
741 2884 830 2951 Deus
844 2883 970 2968 lapsum
1079 2890 1108 2948 7.
1133 2885 1222 2950 Luxu
1236 2884 1346 2966 culpas
1362 2885 1574 2966 septennalem

458 2968 529 3036 Hac
544 2970 595 3035 die
611 2971 824 3052 progreditur,
1134 2967 1257 3045 Quibus
1273 2973 1306 3033 te
1321 2966 1519 3048 offendimus,

458 3054 507 3119 De
522 3055 645 3137 virgime
659 3054 763 3121 factus
776 3055 872 3119 homo
1133 3053 1196 3129 Qui
1210 3060 1377 3136 septenum
1391 3052 1579 3119 festinamus

458 3138 655 3221 Redemptor
668 3138 865 3221 producitur.
1134 3136 1207 3203 Tibi
1220 3136 1481 3219 obsequentibus.

403 3228 432 3287 4.
458 3222 506 3288 Tu
521 3225 663 3306 resurgis
677 3224 710 3290 in
725 3224 785 3289 hac
800 3223 851 3288 die
1079 3226 1109 3285 8.
1134 3219 1256 3286 Emitte
1271 3221 1311 3286 de
1326 3226 1383 3287 tue
1397 3222 1475 3286 sede

459 3308 523 3373 Leo
539 3310 578 3374 de
593 3310 680 3374 tribu
695 3307 790 3387 Iude3
1136 3304 1265 3386 Septem
1280 3304 1364 3371 dous
1379 3303 1525 3389 Spim'tus,

460 3390 506 3458 Ut
520 3390 886 3473 surgemusapecretis,
1135 3387 1214 3454 Post
1228 3395 1395 3471 septenum
1409 3389 1497 3454 ritae
1510 3393 1641 3454 nostrae

459 3475 533 3559 Ipse
549 3478 640 3543 uobis
657 3475 809 3542 condens.
1135 3472 1236 3555 Iunge
1250 3491 1309 3539 uos
1324 3472 1525 3541 coelestibus.
1554 3474 1663 3538 Amen.

474 3582 569 3639 Text.
606 3584 683 3641 Miss.
702 3584 780 3640 fratr.
800 3584 889 3641 Paris.
911 3582 988 3636 1520.

947 3730 1145 3738 ——--——--.

841 3848 909 3910 166.
931 3842 983 3908 De
996 3843 1114 3910 sancite
1128 3843 1271 3927 Anpelr's.

815 3962 932 4031 (Auctor
951 3969 995 4017 est
1013 3961 1123 4019 Notlrer
1140 3961 1296 4031 Belbulus.)

402 4070 595 4149 Angelorum
611 4065 689 4132 ordo
706 4084 805 4133 secer.

472 4176 568 4234 Teaet.
605 4176 757 4245 Sshubiger
774 4175 803 4231 S.
822 4180 865 4231 46.
878 4176 965 4245 sithrt
983 4176 1059 4232 disse
1076 4175 1153 4231 Zeile
1171 4194 1216 4231 an.

709 4439 777 4500 167.
821 4431 874 4498 De
894 4440 1005 4499 saneto
1027 4433 1187 4500 Michaele
1209 4432 1404 4515 erchanpelo.

818 4553 934 4621 (Auctor
953 4559 997 4608 est
1014 4552 1124 4609 Notlrer
1140 4551 1296 4622 Belbulus.)

401 4676 429 4736 1.
451 4672 605 4752 Magnum
620 4675 653 4736 te
667 4670 855 4738 Michaelem
870 4671 1040 4738 habentem
1062 4671 1178 4754 pignus
1201 4668 1316 4734 rivium
1335 4672 1526 4749 uostromm,
1549 4669 1576 4734 si
1597 4674 1705 4736 tsmeu

550 4758 633 4822 servi
648 4755 833 4822 studeamus
849 4774 921 4824 esse
934 4757 1003 4837 Dei,

399 4843 428 4905 2.
451 4838 624 4919 Posuimus,
639 4845 676 4905 ut
690 4840 755 4906 tuis
769 4841 917 4923 precibus
934 4842 1098 4906 consortes
1112 4854 1289 4902 mereamur
1303 4835 1382 4900 fieri.

399 4929 428 4989 3.
450 4923 795 5075 Eorumfidtirestitudiuis
808 4923 988 5007 ineffabilis,
1004 4939 1099 5007 quem
1112 4921 1146 4986 in
1160 4919 1221 4986 Dei
1238 4925 1411 5002 conspectu
1430 4935 1485 4987 eos
1499 4920 1617 4988 habere
1631 4939 1705 4988 eou-

605 5027 686 5078 mus.
