3975 5800
878 585 1110 710 -aass

745 830 939 895 Albertus
961 830 1119 896 Gereon
1141 827 1255 895 Stein

459 944 561 997 Pastor
579 941 615 996 ad
634 943 660 996 S.
679 941 815 996 loannem
834 940 990 1008 Baptistam
1010 938 1140 995 Coloniae
1157 938 1318 1007 Ibidemque
1336 936 1366 994 in
1384 936 1539 994 Seminario

717 1027 956 1096 archiepiscopali
991 1026 1096 1083 Cantus
1131 1026 1274 1096 Magister.

503 1218 651 1284 Coloniae
673 1215 859 1301 Sumptibus
882 1217 926 1282 Et
947 1217 1045 1299 Typis
1073 1216 1185 1282 Joanis
1213 1213 1301 1280 Petri
1330 1214 1492 1281 Baebemii

825 1319 933 1383 Anno:
956 1315 1165 1383 MDCCCLV.

369 1545 395 1602 1.
415 1536 514 1615 Virgo
531 1532 698 1614 Virginurn
714 1533 889 1615 praeclara,
1042 1540 1071 1599 2.
1090 1532 1169 1611 Quis
1185 1536 1234 1598 est
1249 1531 1375 1612 dignus,
1389 1528 1485 1596 laude
1500 1529 1607 1613 digna,

415 1621 550 1685 Praeter
565 1636 673 1682 onmes
689 1618 756 1683 Deo
772 1635 854 1699 cara,
1089 1616 1280 1682 Collaudare
1294 1615 1349 1695 Te,
1367 1615 1506 1696 benigna
1592 1688 1595 1695 ,

444 1703 644 1768 Dominatrix
663 1702 821 1783 coelitum,
1119 1702 1227 1781 Virgo,
1243 1698 1314 1766 fens
1329 1699 1580 1767 charismatum?

416 1789 481 1854 Fac
495 1806 553 1852 nos
569 1787 621 1868 pie
635 1791 666 1851 te
683 1792 822 1869 cantare,
1088 1785 1210 1851 Gratiis
1226 1791 1259 1850 et
1273 1790 1342 1850 tota
1357 1784 1460 1867 plena,

414 1871 605 1938 Praedicare
621 1878 653 1936 et
667 1890 775 1936 aurare
1088 1868 1510 1951 Totapuicra,luxserena

445 1957 529 2022 Audi
544 1961 619 2021 vota
635 1956 823 2038 supplicum.
1119 1955 1179 2019 Dei
1195 1953 1445 2020 tabernaculum.

366 2097 395 2156 3.
414 2090 440 2155 0
457 2107 551 2171 quam
565 2107 682 2170 aragne
696 2088 768 2154 Tibi
786 2088 861 2154 lecit
1039 2095 1068 2155 4.
1087 2088 1186 2170 Virgo
1201 2104 1275 2153 vere
1291 2086 1466 2167 benedicta,

415 2174 476 2252 Qui
492 2181 603 2256 potens
621 2182 679 2249 est,
697 2181 729 2239 et
743 2173 861 2239 adiecit
1088 2172 1191 2253 Culpa
1204 2189 1366 2254 nunquam
1380 2190 1414 2238 es
1430 2170 1588 2238 obstricta

446 2258 591 2323 Gratiam
606 2258 648 2323 ad
662 2258 816 2338 gratiami
1120 2255 1234 2322 Carnis
1249 2256 1282 2321 in
1301 2257 1405 2334 exibo,

415 2342 477 2420 Qui
492 2342 615 2407 coelum
630 2349 812 2424 terramque
826 2342 911 2423 regit
1087 2340 1162 2408 Sine
1178 2342 1250 2407 labe
1266 2343 1478 2421 tuconcepta,

415 2428 553 2491 Matrem
568 2426 630 2491 sibi
645 2426 690 2491 Te
705 2426 811 2507 elegit,
1087 2425 1204 2507 Magno
1220 2424 1326 2507 lapsui
1340 2429 1509 2507 praerepta

445 2511 601 2591 Sponsam
618 2510 836 2591 atquefiliam.
1117 2509 1438 2591 Summoprivilegio.

366 2650 394 2710 5.
415 2644 636 2711 Contendebat
653 2650 816 2710 certatura
1038 2650 1067 2711 6.
1087 2645 1155 2711 Eva
1171 2663 1254 2710 nova
1267 2662 1368 2709 novae
1382 2642 1472 2725 legis,

413 2729 501 2794 Tunc
516 2747 588 2793 cum
603 2731 708 2810 gratia
723 2734 848 2809 statura,
1087 2730 1281 2809 Praeelecta
1298 2729 1412 2793 summi
1427 2727 1523 2809 regis.

444 2813 558 2878 Gratia
572 2815 764 2895 praevaluit:
1117 2814 1256 2880 Consors
1271 2814 1341 2878 eius
1356 2812 1479 2893 gloriae

412 2901 439 2962 A
454 2904 585 2979 peccato
600 2905 848 2980 praeservatam‚
1087 2900 1135 2964 Tu
1151 2900 1320 2964 draconem
1335 2897 1496 2971 domuisti,

412 2984 589 3048 lnnnunem
604 2988 636 3047 et
651 2983 807 3049 illibatam
1087 2983 1176 3049 Furti
1191 2982 1271 3065 pede
1285 2982 1464 3047 contrivisti

442 3067 524 3132 Mire
539 3072 571 3133 te
586 3069 761 3133 constituit.
1116 3066 1238 3133 Victrix
1252 3072 1350 3150 caput
1365 3065 1513 3132 Satanae.

364 3209 392 3267 7.
412 3201 543 3285 Semper
558 3201 683 3282 fulgens
698 3203 817 3267 munda
835 3204 927 3285 stola,
1037 3206 1066 3267 8.
1084 3200 1165 3266 Oras
1181 3217 1264 3265 nunc
1279 3200 1320 3263 ad
1336 3199 1466 3265 dextras
1480 3197 1566 3275 Nati,

411 3288 500 3351 Inter
514 3289 649 3351 mundas
664 3287 783 3351 munda
797 3288 875 3367 sola,
1086 3284 1165 3367 lugo
1186 3286 1290 3350 solvat
1306 3304 1325 3349 a
1339 3286 1462 3366 peccati

441 3371 646 3436 adscendisti
662 3372 783 3436 sidera:
1116 3373 1202 3447 Quos
1216 3368 1354 3433 redemit
1368 3369 1538 3451 sanguine:

411 3453 512 3536 Super
529 3457 656 3536 agruina
671 3465 864 3536 sauctorum,
1085 3453 1298 3520 Manus'luae
1314 3454 1438 3519 stillant
1451 3454 1545 3533 dona,

411 3540 514 3619 Super
530 3541 642 3604 choros
659 3541 845 3619 angelorum
1084 3539 1180 3604 Vitae
1194 3537 1245 3602 iac
1260 3536 1406 3602 coelestis
1421 3539 1504 3603 bona

440 3622 573 3704 Sceptra
587 3623 672 3704 geris
688 3623 834 3688 Domina.
1114 3622 1157 3688 Et
1171 3625 1204 3689 in
1219 3642 1277 3689 nos
1293 3620 1440 3688 defluere.

363 3761 391 3820 9.
411 3756 488 3819 Esto
504 3755 595 3820 nobis
610 3756 708 3820 uraris
723 3758 827 3836 stella,
1016 3763 1064 3824 10.
1085 3758 1184 3839 Virgo
1200 3757 1345 3836 clemens,
1360 3755 1450 3835 virgo
1465 3756 1527 3837 pia,

410 3841 456 3904 Ne
472 3859 530 3904 nos
546 3839 698 3904 fluctuum
714 3843 854 3921 procella
1083 3843 1153 3909 Duc
1168 3843 1281 3907 salutis
1296 3859 1354 3906 nos
1368 3841 1402 3904 in
1416 3840 1467 3905 via

440 3925 636 4004 Navigantes
654 3923 782 4003 obruat;
1114 3924 1208 3991 Vitae
1222 3944 1278 4007 per
1293 3924 1437 4003 exilium3

409 4007 457 4071 Ex
473 4028 536 4088 qua
551 4009 638 4072 salus
655 4017 704 4073 est
718 4017 838 4087 exorta,
1080 4009 1155 4084 Nos,
1171 4030 1189 4075 o
1204 4017 1316 4087 mater,
1333 4008 1384 4073 bic
1399 4014 1500 4082 tuere,

407 4092 479 4157 Esti
495 4092 585 4157 nobis
602 4094 680 4158 coeli
696 4104 789 4174 porta
1084 4095 1167 4159 Olim
1182 4096 1255 4159 istic
1269 4094 1319 4158 iac
1335 4092 1443 4158 videre

438 4175 526 4253 Quae
542 4176 705 4242 salvandis
720 4183 839 4260 pateat.
1113 4178 1156 4243 Te
1173 4178 1338 4260 Tuumquc
1352 4177 1462 4242 filiuni.

341 4315 388 4374 11.
409 4309 481 4389 Fac,
498 4316 529 4374 te
545 4310 633 4388 duee,
650 4331 706 4376 nos
722 4331 824 4393 orara,
1016 4315 1062 4376 12.
1082 4311 1155 4391 Fac,
1170 4331 1229 4378 nos
1243 4319 1330 4379 stare
1344 4312 1407 4378 fide
1423 4331 1499 4378 vera

408 4395 549 4475 Vigilare
564 4403 597 4460 et
614 4404 746 4476 certare,
1081 4396 1233 4477 Caritate,
1250 4416 1306 4479 spe
1320 4399 1443 4463 sincera

437 4482 549 4544 Certos
564 4488 639 4545 tuae
655 4482 794 4560 gratiae:
1110 4482 1240 4562 Absque
1256 4481 1367 4564 culpae
1382 4481 1522 4547 macula:

406 4561 517 4628 Funde
532 4567 623 4629 nobis
639 4568 692 4647 pia
708 4568 800 4639 dona,
1080 4563 1217 4647 Gregem
1231 4564 1304 4639 Tibi
1317 4568 1363 4632 sic
1378 4566 1528 4645 dicatum,

407 4644 532 4727 Custos,
549 4659 652 4714 neuter
667 4656 700 4715 et
715 4658 851 4731 patrona
1078 4647 1148 4714 Iam
1166 4668 1186 4714 a
1201 4652 1346 4732 patribus
1360 4656 1520 4716 sacratum

437 4729 573 4828 Sanctae
600 4734 643 4903 {is
669 4735 818 4799 Coloniae
848 4730 962 4817 (eccie-
1108 4734 1265 4818 Protegas
1279 4736 1312 4801 in
1326 4735 1511 4884 saecula.A

535 4835 602 4884 siae
620 4869 627 4884 .
1512 4835 1596 4885 men.

887 5003 1088 5023 n*-
