3975 5800
889 559 1098 620 ...70-

359 744 388 803 7.
407 736 492 802 Crux
507 741 557 802 est
571 736 668 803 arbor
683 736 843 816 decorata,
1080 734 1196 800 Manus
1211 732 1310 815 pedes
1325 730 1545 815 perfoderunt.

409 821 529 886 Christi
545 822 700 901 sanguine
716 832 850 903 sacrata,
1082 819 1125 884 Et
1139 824 1230 883 aceto
1245 824 1440 900 potaverunt

408 905 539 971 Cunctis
554 906 648 987 plena
663 904 836 971 fructibus:
1084 903 1247 968 Summum
1262 920 1371 983 regem
1388 902 1502 981 seculi;

407 989 532 1067 Quibus
547 990 672 1055 animae
688 997 851 1070 eruuntur,
1015 992 1063 1051 12.
1083 988 1181 1053 Cuius
1197 987 1279 1052 oculi
1294 985 1381 1051 beati

408 1074 487 1138 Cum
504 1074 652 1157 supernis
668 1076 852 1139 nutriuntur
1083 1071 1165 1137 Sunt
1180 1072 1212 1135 in
1229 1089 1320 1135 cruce
1336 1071 1508 1151 obscurati,

408 1158 495 1223 Cibis
509 1159 542 1222 in
557 1157 756 1222 coelestibus.
1082 1157 1126 1221 Et
1140 1156 1248 1221 vultus
1264 1155 1435 1237 expalluit:

362 1251 390 1311 8.
409 1242 587 1323 Specialem
602 1241 650 1306 fer
664 1260 804 1307 amorem
1083 1240 1147 1305 Suo
1163 1241 1287 1322 corpori
1302 1247 1378 1303 tuuc
1394 1239 1480 1303 nudo

407 1327 452 1391 Et
465 1328 670 1409 praecipuum
687 1327 838 1391 honorem
1082 1324 1154 1389 Non
1169 1323 1325 1389 remansit
1339 1321 1553 1405 pulchritudo,

409 1409 503 1475 Cruci
518 1409 717 1476 salutiferae:
1083 1411 1187 1474 Decor
1202 1409 1303 1472 onrnis
1319 1406 1453 1488 aufugit.

409 1494 488 1559 Cum
503 1493 627 1560 fervore
645 1494 865 1573 medullarum,
1017 1493 1064 1555 13.
1083 1493 1220 1574 Propter
1235 1492 1398 1556 hominum
1412 1496 1545 1574 peccata

407 1578 492 1644 Nixu
508 1580 622 1644 virium
640 1586 767 1643 tuarum
1084 1578 1150 1644 Sua
1164 1594 1238 1641 caro
1253 1576 1396 1641 cruciata

408 1663 496 1729 Velis
512 1663 594 1729 hanc
609 1663 751 1744 diligere.
1084 1662 1160 1726 Fuit
1175 1662 1260 1725 inter
1274 1661 1423 1725 verbera:

361 1747 390 1808 9.
407 1747 587 1829 Diligenter
602 1765 683 1828 ponc
698 1749 836 1811 mentem
1084 1745 1229 1810 Membra
1245 1763 1304 1810 sua
1320 1751 1394 1809 sunt
1410 1743 1549 1809 distenta

410 1833 513 1913 Super
528 1832 688 1896 Christum
704 1832 888 1912 patientem,
1084 1830 1220 1911 Propter
1234 1846 1350 1909 aspera
1364 1834 1525 1893 tormenta

409 1915 453 1980 Et
467 1917 497 1980 ei
512 1915 697 1981 condoleas:
1084 1913 1126 1979 Et
1141 1914 1232 1978 illata
1247 1913 1388 1977 vulnera.

409 1998 528 2064 Christi
542 2004 686 2075 mortem,
702 1998 892 2078 Christiane,
1017 2009 1065 2067 14.
1084 1997 1174 2062 Inter
1188 2015 1322 2077 magnos
1340 1996 1500 2061 cruciatus

407 2084 529 2164 Plange
544 2102 615 2149 sero
630 2092 727 2165 atque
741 2101 843 2162 mane,
1084 2082 1143 2146 Est
1157 2081 1189 2146 in
1205 2100 1296 2146 cruce
1313 2082 1507 2163 lacrymatus

408 2167 452 2232 Et
465 2169 498 2232 in
513 2169 643 2250 planctu
660 2168 810 2250 gaudeas.
1086 2167 1129 2230 Et
1143 2167 1249 2231 emisit
1265 2167 1427 2248 spiritum:

342 2263 390 2323 10.
410 2250 512 2327 Quam
524 2252 702 2333 despectus,
720 2268 814 2331 quam
826 2251 968 2316 deiectus
1084 2250 1288 2330 Suspiremus
1303 2253 1335 2314 et
1350 2249 1492 2327 fleamus,

409 2335 478 2400 Rex
492 2337 651 2400 coelorum
667 2343 715 2401 est
729 2333 869 2415 effectus,
1084 2333 1164 2398 Toto
1180 2333 1275 2398 corde
1291 2333 1455 2398 doleamus

411 2418 458 2484 Ut
472 2421 611 2485 salvaret
626 2419 804 2484 saeculum:
1085 2418 1187 2500 Super
1201 2419 1409 2497 unigenitum.

409 2504 553 2569 Esurivit
568 2509 601 2569 et
615 2504 726 2583 sitivit,
1019 2509 1066 2569 15.
1087 2501 1521 2580 Crucifixe,focmofortem,

409 2588 537 2671 Pauper
552 2594 584 2653 et
600 2606 720 2668 egenus
734 2586 795 2653 ivit
1085 2585 1132 2651 Ut
1147 2587 1283 2651 libenter
1298 2591 1386 2650 tuam
1402 2589 1536 2649 mortem

411 2670 522 2755 Usque
538 2672 579 2737 ad
594 2671 782 2754 patibulum.
1085 2670 1250 2751 Plangam,
1266 2669 1365 2735 donec
1379 2670 1504 2733 vixero:

344 2764 392 2823 11.
413 2755 517 2832 Quum
533 2756 689 2821 deductus
706 2761 756 2821 est
770 2757 942 2820 immensus
1085 2755 1203 2819 Tecum
1218 2755 1290 2819 volo
1305 2754 1475 2830 vulnerari,

410 2841 609 2907 Etincruce
626 2846 897 2923 tuncsnspensus,
1087 2838 1132 2904 Te
1147 2839 1284 2905 libenter
1299 2837 1473 2921 amplexari

411 2927 578 3008 Fugerunt
594 2925 757 3009 discipuli:
1085 2925 1121 2988 ln
1137 2941 1230 2989 cruce
1246 2922 1401 2989 desidero.

411 3032 506 3091 Text.
542 3034 643 3089 Daniel
662 3034 699 3102 11,
721 3038 780 3089 101.
801 3050 853 3088 uua
872 3031 1072 3088 Rambecb's
1091 3030 1261 3103 Autbolopie
1279 3031 1306 3100 I,
1325 3035 1387 3088 315.

795 3314 844 3375 63.
888 3308 941 3374 De
962 3316 1075 3377 soracte
1097 3328 1197 3373 cruce.

345 3448 371 3507 1.
397 3439 498 3506 Dulce
514 3441 634 3522 lignum
649 3443 829 3521 adoremus,
1072 3444 1141 3508 Ave
1156 3441 1287 3521 lignum,
1304 3441 1390 3524 quod
1405 3442 1495 3508 fuisti

397 3525 516 3590 Dulces
531 3525 637 3590 claros
653 3543 850 3604 veneremur,
1072 3527 1212 3606 Dignum
1228 3525 1312 3590 ferre
1328 3543 1443 3608 corpus
1459 3525 1589 3605 Christi,

397 3609 539 3674 Verbum
555 3610 657 3692 patris
672 3610 893 3691 praedicemus
1073 3611 1193 3676 Mundo
1209 3610 1299 3691 lapso
1315 3611 1479 3676 contulisti

399 3694 550 3759 Sollemni
564 3696 749 3776 praeconio:
1074 3696 1181 3761 Vitam
1197 3695 1421 3777 etimperium.

399 3775 519 3842 Christi
534 3794 661 3843 crucem
676 3780 855 3858 adoremus,
1017 3784 1046 3843 3.
1073 3778 1220 3844 Christus
1234 3778 1267 3843 iu
1282 3784 1315 3843 te
1330 3780 1549 3862 triumphavit,

297 3937 300 3944 Ι
399 3859 589 3926 Crucifixum
604 3862 819 3944 deprecemur,
1073 3863 1178 3928 Morte
1193 3868 1328 3928 mortem
1344 3866 1510 3945 superarit

399 3943 445 4009 Ut
459 3947 499 4011 ab
516 3945 609 4010 hoste
623 3946 796 4011 liberemur
1072 3946 1116 4012 Et
1131 3951 1280 4029 potenter
1296 3947 1446 4030 spoliavit

399 4027 509 4094 Crucis
524 4030 710 4112 patrocinio.
1073 4032 1263 4096 Acherontis
1279 4031 1377 4096 atria:

343 4116 372 4176 2.
398 4113 465 4177 Ave
480 4113 601 4193 lignum
617 4115 803 4194 pretiosum,
1073 4114 1157 4179 Hinc
1170 4116 1332 4197 praeviam
1348 4120 1445 4196 atque
1461 4113 1573 4180 ducem

397 4196 527 4262 Pondus
543 4195 647 4262 ferens
663 4198 845 4277 gloriosum,
1074 4198 1258 4263 Habeamus
1273 4199 1391 4264 Christi
1410 4216 1546 4278 cmccm,

399 4279 566 4355 Quondam
580 4300 652 4346 eras
667 4299 837 4347 onerosum
1076 4281 1121 4348 Ut
1135 4283 1243 4348 videre
1258 4301 1368 4348 reram
1383 4284 1487 4349 lucem

397 4363 512 4429 Mortis
526 4364 735 4447 improperio:
1074 4366 1238 4431 Pessimus
1254 4368 1287 4432 in
1303 4367 1418 4450 patria.

414 4488 439 4527 a.
459 4472 484 4525 Τ
490 4480 556 4528 eet.
593 4474 677 4528 Mene
695 4475 748 4529 No.
771 4477 829 4528 106.
848 4476 883 4543 (1,
904 4472 975 4543 139.)
995 4489 1062 4526 aare:
1080 4474 1152 4539 „Ha
1165 4474 1399 4546 zuLa'cbtcutbol,
1418 4481 1462 4530 14.
1478 4476 1599 4533 Juhrt.“
1613 4505 1644 4515 -

342 4543 443 4599 Daniel
462 4546 496 4611 V,
514 4548 557 4599 92.
577 4546 627 4601 bat
646 4547 691 4600 dle
709 4550 727 4599 2
745 4551 837 4599 ersten
856 4544 952 4598 Zeilen
971 4561 1024 4599 uus
1044 4545 1110 4600 Ced.
1130 4547 1156 4600 S.
1175 4546 1246 4601 Gall.
1266 4550 1319 4602 ele
1337 4548 1492 4620 (Brunder).

414 4635 440 4689 b.
460 4634 644 4691 Lacertae.
683 4639 706 4707 1,
726 4640 750 4690 3.
770 4635 962 4705 praedicemur
980 4634 1034 4687 Hs.
1053 4666 1087 4674 —
1106 4642 1131 4703 b,
1148 4642 1169 4690 1.
1189 4637 1240 4691 Hic
1258 4636 1310 4689 lfa

415 4737 437 4776 c.
456 4720 611 4777 Remurb.
648 4727 672 4777 5.
693 4725 878 4795 ,,Δο]ιοτοιιιίε
896 4732 948 4778 atr.
968 4740 1010 4776 =
1031 4722 1143 4793 Vorbof
1158 4726 1208 4779 der
1226 4723 1318 4797 Hune,
1334 4726 1380 4779 cin
1402 4725 1556 4797 perodblter
1575 4723 1646 4778 Aus-

343 4792 433 4848 uruca
444 4794 499 4863 sair
516 4794 672 4853 Vorbdllc.“
707 4797 800 4852 Mene.

895 4970 1093 4981 -1-———
