3975 5800
701 1056 729 1116 l.
772 1051 815 1115 Iu
835 1051 993 1117 douziaiea
1010 1052 1122 1134 puina
1145 1055 1304 1120 adventus.

353 1211 380 1269 l.
403 1202 497 1269 Salus
512 1207 652 1282 aeterna,
668 1201 862 1283 indeficiens,
877 1204 987 1269 mnndi
1003 1204 1078 1284 vita,

350 1295 378 1353 2.
399 1288 469 1353 Lux
483 1288 677 1370 sempiterna
693 1293 726 1352 et
739 1287 913 1369 redemptis
928 1308 1004 1355 vere
1018 1293 1139 1368 nostra,

350 1382 378 1442 3.
402 1373 579 1439 Condolens
594 1372 733 1437 humana
748 1373 852 1455 perire
867 1374 971 1438 saecla
985 1392 1043 1457 per
1057 1375 1213 1439 tentantis
1228 1375 1368 1441 numina.

347 1465 377 1523 4.
401 1458 471 1522 Non
486 1457 633 1538 linquens
648 1457 782 1533 excelsa,
798 1456 893 1522 adisti
908 1459 972 1522 ima
986 1459 1116 1541 propria
1130 1459 1307 1524 clementia.

348 1548 377 1607 5.
400 1543 475 1608 Mox
497 1548 554 1607 tua
576 1548 752 1623 spontanea
773 1542 879 1622 gratia
904 1560 1070 1608 assumens
1096 1544 1235 1608 humana
1259 1562 1342 1626 quae
1366 1543 1495 1626 perdita
1517 1541 1646 1609 fuerant

497 1627 603 1690 omnia
619 1625 749 1690 salvasti
765 1633 880 1705 terrea,
896 1625 1002 1692 ferens
1016 1628 1135 1692 mundo
1151 1628 1280 1709 gaudia.

348 1715 377 1775 6.
400 1709 447 1775 Tu
472 1710 594 1775 animas
619 1715 653 1774 et
677 1727 811 1790 corpora
835 1715 955 1792 nostra,
988 1710 1125 1792 Christe,
1148 1713 1258 1795 expia,
1287 1718 1325 1777 ut
1349 1711 1516 1794 possideas
1541 1712 1648 1778 lueida

497 1801 624 1860 nosmet
638 1794 831 1860 habitacula.

347 1885 377 1945 7.
400 1881 548 1945 Adventu
562 1880 663 1961 primo
678 1878 825 1958 iustitiae,
841 1879 874 1943 in
889 1879 1028 1944 secundo
1044 1898 1101 1945 nos
1115 1878 1227 1962 libera,

347 1969 376 2028 8.
401 1963 455 2046 Ut,
478 1982 549 2029 cum
572 1963 657 2028 facta
677 1963 748 2027 luoe
763 1981 878 2044 magna
893 1962 1050 2029 iudicabis
1072 1965 1186 2045 omnia,
1214 1965 1332 2048 compti
1354 1966 1437 2032 stola
1458 1966 1645 2049 incorrupta

496 2052 623 2112 nosmet
637 2054 693 2111 tua
707 2047 939 2128 subsequamur
952 2066 1026 2112 mox
1041 2049 1177 2129 vestigia
1191 2067 1379 2130 quoeunque
1393 2050 1471 2114 visa.

418 2172 443 2211 a.
462 2156 557 2210 Text.
594 2156 727 2214 Glichtov.
752 2155 804 2225 IV,
831 2157 881 2209 152
905 2156 960 2226 (Α).
997 2156 1077 2210 Miss.
1097 2156 1176 2211 fratr.
1197 2161 1266 2213 1520
1289 2158 1342 2228 (B).
1378 2158 1467 2214 Neela
1488 2174 1515 2226 p.
1541 2161 1566 2213 3.
1595 2174 1648 2213 aas

347 2229 426 2283 Miss.
451 2228 594 2297 Andegev.
618 2243 689 2283 saec.
714 2227 779 2282 XIV
805 2227 860 2294 ((1),
887 2227 966 2282 Miss.
995 2228 1195 2285 Sarisburiens.
1223 2232 1291 2285 1555
1316 2230 1377 2299 (D),
1404 2231 1482 2286 Miss.
1505 2229 1648 2299 Andegav.

348 2300 503 2426 1523N({)I,
527 2300 606 2357 Miss.
624 2298 781 2355 Redonens.
809 2302 876 2355 1623
905 2299 957 2369 (F).
977 2330 1012 2340 -
1031 2300 1132 2355 Daniel
1150 2305 1177 2371 2,
1198 2303 1249 2357 185
1268 2319 1321 2357 aus
1340 2301 1438 2358 Glioht.
1457 2301 1517 2355 und
1533 2301 1574 2369 V,
1596 2305 1648 2356 172

346 2389 399 2426 aas
448 2389 462 2426 e
493 2388 515 2428 e.

417 2460 443 2515 b.
463 2460 643 2515 Lesartea.
680 2464 705 2515 5.
725 2477 750 2528 q.
770 2458 984 2529 penituerunt.
1004 2460 1038 2513 A.
1059 2477 1083 2528 q.
1103 2459 1122 2514 f.
1142 2477 1168 2528 p.
1187 2461 1219 2515 B.
1239 2477 1264 2528 q.
1283 2459 1396 2516 fuerunt
1419 2477 1446 2529 p.
1465 2461 1568 2530 Nesis,
1596 2467 1646 2530 „nt

345 2532 445 2587 melius
463 2540 551 2588 metro
570 2533 789 2588 consuleretur.“
808 2563 842 2571 -
861 2535 885 2585 7.
905 2547 931 2599 p.
950 2531 1059 2586 visifica
1077 2533 1106 2586 O.
1125 2531 1302 2599 secundoque
1321 2533 1424 2602 Neale‚
1444 2533 1566 2588 seeundo
1584 2550 1646 2589 nos-

345 2621 398 2673 que
415 2604 472 2659 EF.
500 2636 535 2645 —-
563 2608 588 2660 8.
607 2604 709 2659 Daniel
728 2605 798 2658 laissi
816 2610 924 2657 nosmet
942 2602 1002 2655 orest
1019 2620 1091 2671 mox,
1110 2605 1136 2657 A
1155 2604 1230 2658 bioss
1248 2621 1312 2659 mox
1331 2621 1392 2659 aas.

416 2711 437 2748 o.
457 2693 610 2748 Bemerb.
648 2697 673 2748 3.
697 2693 748 2759 „In
772 2692 911 2760 scriptura
936 2691 1065 2745 diabolus
1088 2691 1164 2748 Deus
1188 2693 1271 2747 huius
1296 2693 1381 2748 saecli
1406 2693 1519 2763 dicitur,
1547 2693 1588 2748 ita
1617 2701 1646 2748 et

344 2765 496 2821 numinis
514 2765 681 2833 nuncupatio
700 2764 741 2818 illi
759 2763 929 2817 translatitio
948 2763 1105 2818 convenit.“
1141 2765 1239 2822 clicht.
1264 2766 1425 2834 „Accipiter
1443 2766 1488 2819 hic
1507 2764 1647 2820 numina

344 2854 395 2908 pro
416 2839 574 2892 motibus
587 2840 643 2893 sive
662 2834 900 2906 suggestionibus:
922 2841 952 2888 ut
971 2836 1106 2891 tentantis
1124 2838 1237 2890 numina
1257 2838 1313 2892 sint
1331 2838 1526 2907 instigationes
1542 2836 1645 2891 diaboli

344 2911 521 2965 tentatoris.“
557 2910 717 2977 Ascensius,
736 2909 796 2961 dem
814 2906 903 2961 Neale
923 2907 1125 2961 5513155511.-
1137 2912 1162 2964 5.
1182 2911 1207 2963 6.
1225 2909 1343 2966 Bartsch
1361 2909 1390 2964 S.
1409 2912 1445 2963 30
1458 2909 1646 2980 aerleptdiese

346 2981 443 3036 beiden
465 2980 549 3036 Versa
566 2983 598 3035 iu
611 2980 746 3051 folgeude
765 2978 1014 3046 Doppelversiicel:

778 3066 846 3120 Mox
865 3072 914 3119 tua
933 3072 1088 3134 spontanea
1107 3069 1198 3138 gratia

781 3151 925 3192 assumens
945 3140 1067 3191 humana

781 3207 859 3275 Quae
878 3207 989 3276 perdita
1007 3209 1119 3263 fuerant
1137 3209 1227 3265 omnis

781 3279 895 3335 salvasti
914 3288 1015 3347 terrea,

847 3350 940 3406 ferens
959 3350 1061 3407 mundo
1080 3351 1191 3422 gandia,

343 3454 387 3493 eoo
407 3438 459 3494 das
469 3436 660 3508 Einpeructte
679 3437 759 3493 auen
772 3435 958 3491 Ueberscbuss
977 3436 1026 3491 des
1044 3439 1162 3492 aweiten
1178 3437 1286 3493 scottus
1305 3438 1470 3492 bezeichnet.

779 3526 820 3579 Tu
840 3527 946 3581 animas
965 3532 993 3579 et
1012 3540 1130 3593 corpora

778 3605 882 3665 nostra,
903 3596 1023 3663 Christo,
1043 3597 1132 3668 expia,

778 3667 817 3723 Ut
833 3668 980 3737 possideas
999 3668 1092 3723 lueida

778 3748 886 3796 nosmet
903 3740 1073 3795 habitacula.

675 4009 703 4069 2.
747 4003 789 4067 Iu
811 4002 971 4069 dominica
991 4003 1130 4069 secunda
1152 4002 1312 4068 adventus,

367 4143 393 4202 l.
415 4138 613 4218 Regnantem
626 4141 821 4221 sempiterna
830 4157 888 4221 per
899 4138 1006 4204 saecla
1017 4144 1215 4222 susceptura,
1226 4136 1335 4204 concio
1347 4136 1463 4204 devota
1475 4153 1640 4220 concrepa,

365 4227 393 4286 2.
416 4222 532 4288 Divino
548 4242 626 4289 sono
641 4223 754 4289 factori
769 4223 932 4287 reddendo
948 4222 1067 4288 debita.

364 4310 393 4371 3.
417 4305 475 4371 Cui
489 4308 626 4373 iubilant
641 4308 768 4389 agmina
782 4308 901 4373 coelica
915 4307 984 4372 eius
1000 4308 1090 4372 vultu
1106 4304 1294 4385 exhilarata,

363 4394 394 4454 4.
416 4389 516 4468 Quem
532 4398 701 4475 expectant
716 4393 821 4458 omnia
835 4398 942 4457 terrea
956 4392 1025 4457 eius
1040 4396 1120 4456 nutu
1135 4390 1361 4456 examinanda:

365 4478 393 4538 5.
417 4476 605 4542 Distrietum
620 4479 662 4543 ad
676 4475 803 4556 iudicia,

365 4562 394 4622 6.
418 4560 613 4627 Clementem
628 4562 829 4643 inpotentia.

364 4647 392 4708 7.
416 4644 484 4709 Tua
498 4666 554 4712 nos
570 4646 667 4727 salva,
691 4646 826 4723 Christe,
843 4644 1020 4723 clementia,
1036 4646 1167 4726 proptor
1182 4658 1262 4722 quos
1277 4659 1390 4724 passus
1405 4659 1439 4706 es
1454 4641 1543 4722 dira3

362 4731 392 4790 8.
415 4729 464 4794 Ad
480 4731 544 4811 poli
560 4736 649 4797 astra
663 4730 794 4796 subleva
809 4729 915 4809 nitida,
932 4730 988 4810 qui
1003 4727 1098 4792 sorde
1112 4726 1195 4808 tegis
1210 4726 1346 4792 saecula.

363 4816 391 4876 9.
413 4814 533 4880 Influat
547 4817 633 4881 salus
648 4832 723 4880 vera
736 4813 880 4894 effugans
895 4812 1054 4894 pericula3

341 4900 392 4963 10.
415 4898 529 4966 Omnia
544 4904 580 4966 ut
594 4901 660 4966 sint
672 4900 793 4966 munda
806 4899 914 4965 tribue
929 4896 1081 4981 paeifioa;
