3975 5800
884 638 922 650 -
967 606 1114 670 201-

348 790 377 850 7.
403 785 476 851 Iesu
490 785 577 852 mitis
591 791 625 854 et
639 785 786 868 benigne,
1024 794 1054 855 8.
1080 788 1187 872 Pater,
1202 788 1258 871 fili,
1273 793 1463 878 ronsolator‚

406 868 504 935 Cuius
519 888 633 937 nornen
648 876 698 936 est
710 871 847 952 insigne,
1079 872 1171 940 Unus
1186 874 1282 957 Deus,
1298 896 1380 945 unus
1394 880 1489 945 dator

405 954 516 1034 Dulce,
531 953 742 1033 salutiferum,
1079 956 1440 1042 Multifornrisgratiao:

405 1038 523 1104 Munus
538 1038 816 1106 nobisdasalutis
1079 1041 1154 1108 Solo
1169 1048 1250 1108 nutu
1265 1045 1397 1127 pietatis

404 1122 442 1187 ln
457 1122 583 1189 deiectu
597 1123 791 1204 constitutis,
1079 1125 1143 1190 Fac
1158 1146 1216 1194 nos
1231 1128 1365 1210 simplae
1379 1130 1535 1200 trinitatis

404 1206 574 1273 Plenitudo
588 1225 765 1274 munerum.
1078 1209 1156 1276 Post
1170 1230 1258 1294 sporn
1272 1211 1335 1279 frui
1350 1217 1463 1298 specie.

418 1315 514 1372 Text.
552 1317 642 1374 More}
661 1317 713 1374 No.
734 1320 794 1374 176.
812 1316 841 1372 6.
860 1318 921 1374 112.
940 1332 1007 1371 aas:
1025 1315 1104 1375 Mias.
1122 1319 1309 1379 Athanatansi
1330 1326 1406 1379 1661.

777 1610 848 1671 261.
891 1602 943 1670 De
963 1612 1077 1674 saneto
1099 1605 1224 1675 Morio.

348 1746 377 1806 1.
402 1737 508 1805 Psalle
523 1738 636 1804 ludens
649 1738 762 1804 Thalia

402 1818 446 1888 Et
458 1824 559 1889 rnelos
574 1823 670 1890 corda
684 1823 783 1890 nobili
796 1840 953 1907 concrepa

402 1907 440 1973 In
455 1912 547 1974 tanta
560 1907 621 1973 Dei
635 1909 749 1976 matris
765 1909 880 1990 gana,

403 1989 474 2069 Qua
487 1994 583 2075 piena
597 1993 749 2060 manebat
762 2011 820 2077 per
833 1992 970 2058 saecula.
1006 1992 1099 2062 Allel.

344 2077 377 2139 2.
401 2074 478 2142 Post
490 2077 617 2160 paterni
632 2076 721 2144 verbi
736 2081 864 2160 parturn

401 2158 501 2242 Virgo
516 2160 678 2242 inviolata,
694 2160 807 2241 Maria,

402 2243 446 2309 Et
459 2245 582 2312 intacta
596 2247 810 2329 permansisti.

401 2327 479 2395 Post
491 2337 619 2412 partum
633 2330 725 2411 virgo
740 2329 894 2395 inviolata
908 2332 1121 2425 permansisti.

343 2411 376 2472 3·
402 2414 462 2479 Dei
475 2415 611 2496 genitrix
627 2414 703 2496 quia
717 2415 764 2480 sic
777 2415 923 2479 meruisti
938 2412 1016 2493 fieri,

401 2498 542 2580 Ideoque
555 2498 678 2579 fragilis
694 2516 815 2565 memor
829 2505 900 2564 esto
914 2499 1034 2565 saeculi

402 2581 446 2648 Et
460 2584 560 2650 totius
575 2583 706 2650 sceleris
721 2584 843 2651 oratrix

401 2667 461 2733 Dei
476 2668 624 2750 genitrix.

343 2749 375 2810 4·
402 2752 567 2818 lnteroede
582 2770 641 2835 pro
655 2751 775 2818 nostris
790 2750 845 2834 pia
859 2751 984 2817 delictis

400 2835 444 2904 Et
458 2835 654 2918 multimodis
667 2837 761 2903 simul
776 2834 936 2920 nequitiis,

402 2920 463 2999 Qui
479 2923 599 2987 nostris
614 2938 678 2988 non
692 2921 836 2988 ualemus
850 2922 983 3001 meritis,

399 3004 477 3073 Tuis
491 3006 677 3073 adiuvemur
690 3003 860 3087 suffragiis.

417 3114 513 3172 Teaet.
551 3116 703 3186 Sohubiger
722 3116 774 3172 No.
793 3118 837 3171 66.
855 3116 916 3170 uad
932 3114 1024 3171 Moral
1043 3115 1096 3171 No.
1118 3118 1176 3170 164.
1195 3115 1297 3169 6100.
1316 3117 1395 3172 bride
1412 3133 1429 3174 e
1447 3119 1513 3176 cod.
1531 3122 1648 3179 Eiuaidi.

342 3186 392 3242 Fr.
414 3190 436 3242 1.
456 3189 483 3243 d.
501 3189 521 3242 i.
541 3187 594 3243 Ha.
612 3204 650 3244 nu
667 3186 832 3243 &modern
851 3187 904 3245 No.
923 3188 985 3243 866.
1004 3189 1048 3241 12.
1066 3185 1168 3242 Jotrh.
1186 3188 1238 3243 mit
1256 3188 1386 3244 Melodie.

795 3494 866 3558 262.
910 3489 962 3556 De
982 3490 1074 3557 oeara
1096 3489 1146 3555 Μ.
1171 3489 1204 3556 V.

348 3631 376 3691 l.
402 3626 470 3692 Ave
484 3626 580 3708 plena
595 3626 750 3709 singulari
765 3628 880 3709 gratia,
1021 3633 1051 3692 4.
1078 3626 1177 3709 Spina
1192 3624 1307 3691 ardens
1322 3643 1380 3691 nec
1394 3627 1571 3706 combusta,

402 3710 468 3776 Ave
483 3711 580 3793 digna
594 3710 719 3793 hymnis
734 3716 767 3777 et
781 3712 927 3795 melodia,
1077 3710 1179 3791 Virga
1193 3709 1310 3776 florens
1325 3715 1359 3776 et
1373 3714 1490 3777 onusta

403 3795 508 3877 Digna
523 3795 617 3861 laude
631 3796 795 3879 singulari,
1076 3794 1164 3860 Nuce
1180 3794 1265 3859 succi
1281 3795 1401 3860 nescia:

402 3878 565 3946 Guinulla
579 3881 756 3964 comparari
1077 3878 1121 3946 Te
1176 3878 1277 3944 riudit
1290 3897 1344 3944 ros
1359 3880 1512 3959 novellus,

402 3964 543 4031 Matrum
560 3964 806 4047 valentgaudia
1077 3897 1553 4046 Mffiitutquonoonvellus,

346 4052 376 4113 2.
401 4050 476 4115 Alto
491 4047 823 4132 fructuioecundaris,
1076 4048 1168 4114 Sicca
1182 4054 1391 4114 tameuarea.

403 4134 541 4199 Gerruen
556 4134 615 4199 Dei
630 4140 718 4200 terra
732 4135 819 4216 paris

403 4218 440 4283 In
453 4217 706 4301 magnificentia:
1021 4220 1050 4280 5.
1076 4214 1194 4279 Terrae
1208 4217 1316 4297 rigant
1330 4218 1478 4282 universa

402 4303 525 4370 Reeem
540 4303 627 4370 orbis
644 4304 694 4369 vix
709 4303 845 4378 orditur,
1076 4297 1227 4385 Siccitate
1241 4303 1305 4365 ianr
1320 4300 1448 4366 detersa

402 4387 522 4453 Etiam
537 4393 595 4453 tua
610 4389 753 4471 aperitur
1075 4383 1143 4447 Tua
1158 4383 1335 4450 stillicidia:

402 4470 549 4555 Serpenti
564 4472 718 4555 potentia.
1075 4467 1199 4533 Novum
1215 4468 1312 4534 decus
1327 4475 1424 4549 atque
1439 4467 1564 4547 mirum,

347 4557 376 4617 3.
402 4555 501 4622 cuius
515 4565 641 4623 tumens
655 4564 752 4639 caput
766 4556 855 4633 teris,
1075 4550 1174 4617 Terra
1189 4569 1301 4619 creans
1315 4553 1386 4619 sola
1401 4552 1513 4629 virum,

401 4640 445 4706 Et
460 4643 642 4707 calcaneum
658 4641 759 4707 tueris
1076 4635 1177 4713 Quem
1192 4636 1371 4702 circunudas
1385 4635 1532 4702 foemina.

402 4725 452 4791 Ab
468 4727 536 4791 eius
549 4726 683 4791 insidia:
747 4761 751 4770 ·

400 4805 883 4888 Praeduxstellarubrimar'ns,
1019 4811 1048 4869 6.
1076 4804 1179 4869 Homo
1194 4804 1306 4883 Deum,
1325 4804 1415 4885 virgo
1429 4804 1561 4886 prolem,

401 4894 567 4961 Pharaone
582 4912 695 4973 merso,
711 4891 799 4958 canis
1077 4888 1311 4970 virgariorum,
1326 4888 1535 4954 steilasoleur

400 4978 564 5065 Tympano
580 4984 614 5045 et
628 4977 760 5045 cithara.
1074 4972 1453 5042 Fersiarentemomnia:
