3975 5800
881 598 1114 663 ..486-

661 726 666 736 ¹
789 782 861 845 721.
903 776 957 845 Dc
977 798 1004 846 s.
1029 776 1214 846 ilicobaldo.

373 920 400 980 1.
433 912 544 979 Lauda
558 912 649 996 plebs
663 911 805 980 Alsatica
819 913 991 993 dominum,

431 996 526 1063 Solve
539 997 625 1063 vocis
641 1003 673 1063 et
687 996 793 1063 cordis
808 1016 972 1080 organum,

432 1081 465 1148 Si
480 1083 543 1147 scis
558 1081 672 1163 dignas
686 1080 798 1147 laudes
813 1081 909 1163 solve,

431 1164 593 1243 Quantum
607 1170 698 1248 potes
713 1170 838 1231 tanturn
852 1166 954 1247 volve,

431 1249 501 1328 Quo
516 1249 587 1316 laus
601 1250 697 1332 plena
709 1250 853 1333 prodeat.

368 1356 397 1416 2.
432 1348 553 1415 Sonent
567 1351 691 1417 cantica
705 1368 842 1417 consona
856 1352 1021 1430 mentium,

429 1433 568 1501 Plaudet
581 1435 719 1517 populus
734 1435 874 1517 undique
888 1437 1033 1518 gentium

429 1519 467 1584 ln
482 1518 541 1583 hac
556 1519 608 1585 die
623 1520 786 1601 singulari,

429 1600 476 1666 Ut
490 1601 694 1670 Theobaldus
709 1603 856 1670 venerari

428 1685 457 1751 A
471 1687 538 1752 suis
553 1686 668 1753 valeat.

365 1793 395 1853 3.
427 1786 492 1854 Sed
507 1804 589 1868 quae
605 1805 695 1853 mens
709 1788 827 1870 poterit
842 1787 1015 1871 concipere,

428 1871 490 1938 Vel
503 1890 617 1937 uocum
631 1870 768 1938 modulis
781 1870 891 1953 lingua
905 1875 1060 1954 retexere,

428 1955 574 2022 Laudum
588 1957 760 2038 praeconia
774 1955 952 2022 Theobaldi
966 1957 1097 2022 dicore?

426 2040 496 2106 Ista
509 2058 598 2109 meus
612 2039 771 2106 meditans
786 2040 898 2122 nequit
911 2039 1064 2107 sufficere.

364 2149 394 2210 4.
425 2140 544 2223 Illapsa
558 2141 692 2207 coelitus
707 2140 816 2206 divina
830 2141 945 2223 gratia,

426 2225 554 2292 Arcana
568 2226 658 2309 pueri
672 2225 814 2293 lustrans
829 2224 1025 2309 praecordis,

427 2307 584 2392 Spernere
598 2308 707 2375 docuit
720 2309 830 2375 mundi
843 2309 1011 2377 mendacia

426 2392 470 2457 Et
484 2393 525 2457 ad
540 2394 695 2475 perennia
707 2393 839 2460 tondere
854 2395 981 2474 gaudia.

363 2502 392 2562 5.
422 2492 498 2559 Mor
513 2494 581 2559 zelo
596 2491 670 2560 fidei
686 2500 774 2560 totus
788 2493 982 2574 accenditur,

424 2580 454 2643 A
469 2579 691 2659 temporalium
708 2596 816 2644 amore
831 2578 974 2657 solvitur,

423 2662 486 2744 Spe
502 2680 713 2742 supernorum
728 2663 821 2727 avide
840 2663 991 2740 tenditur,

423 2746 466 2812 Et
481 2746 648 2811 charitatis
664 2746 790 2811 damma
805 2745 1017 2828 perfunditur.

362 2852 390 2914 6.
425 2848 506 2913 Nam
521 2846 728 2913 fundamento
742 2849 898 2914 virtutum
912 2848 1018 2935 posito

424 2930 580 2996 Aedificat
594 2933 709 2997 mentis
725 2932 889 3012 proposito

422 3014 551 3099 Septem
566 3016 721 3081 columnis
736 3033 832 3099 super
849 3015 999 3096 imposito

421 3099 526 3184 Opere
540 3100 631 3181 miro,
648 3099 762 3166 decore
777 3101 940 3183 disposito.

360 3208 388 3268 7.
422 3201 475 3268 Sic
489 3202 669 3284 septenario
684 3219 815 3268 munere
833 3201 1000 3286 praeditus

424 3287 619 3352 aeternitati
634 3290 686 3351 est
699 3291 786 3353 totus
802 3285 941 3365 deditus,

425 3370 559 3437 Carnem
575 3374 609 3435 et
621 3370 781 3436 aemulum
795 3369 930 3435 calcarit
944 3369 1072 3452 penitus

424 3454 654 3536 Mundumque,
670 3454 784 3537 spiritu
798 3454 868 3520 Deo
882 3453 1058 3535 regenitus.

360 3560 391 3621 8.
423 3553 562 3621 Paterna
575 3571 731 3635 respuens
746 3553 845 3620 saltui
861 3551 959 3619 dubia

422 3638 542 3705 Horret
554 3638 721 3720 proposita
735 3637 796 3704 sibi
811 3638 978 3719 connubia,

424 3722 545 3788 Cuncta
560 3721 722 3788 declinans
736 3722 857 3788 saeculi
872 3722 973 3803 devia,

289 3835 291 3840 ¹
425 3806 587 3872 Christum
602 3806 807 3889 prosequitur
820 3806 933 3888 regula
946 3806 1088 3888 praevia.

361 3914 390 3975 9.
421 3906 492 3973 Hac
504 3907 691 3972 immutatus
705 3912 796 3972 vaste
811 3906 962 3973 canonica

423 3990 467 4056 Et
481 3990 658 4057 honestatis
673 3991 815 4057 vestibus
829 3992 947 4069 tunica,

423 4073 504 4140 Cum
517 4075 586 4140 Deo
600 4075 724 4157 gratior
736 4075 794 4140 illa
808 4074 851 4141 sit
864 4075 967 4153 unios,

422 4158 576 4226 Mandata
590 4163 705 4225 cuncta
718 4157 842 4243 perficit
856 4158 1024 4225 dominica.

342 4265 389 4326 10.
421 4258 508 4339 Pius,
523 4258 674 4342 prudens,
688 4259 827 4341 humilis,
842 4258 977 4340 sobrius,
993 4255 1136 4341 pudicus,

421 4342 554 4426 Largus,
570 4361 691 4425 amans,
705 4343 828 4424 hilaris,
842 4361 1019 4427 pauperum
1033 4342 1164 4421 amicus,

421 4429 582 4494 Vitiorum
597 4428 737 4493 omnium
752 4429 852 4495 durus
865 4429 1024 4502 inimicus,

421 4511 534 4579 Carnis
547 4511 625 4578 flore
639 4512 731 4578 rituit
744 4531 825 4596 puer
838 4518 872 4579 et
892 4512 1053 4594 antiquus.

330 4616 389 4679 ·11.
421 4612 579 4694 Imitatur,
594 4613 765 4680 seminator
780 4613 919 4680 omnium
932 4613 1098 4691 virtutum,

419 4696 580 4780 indigenti
595 4698 793 4781 conpetenti
807 4697 922 4765 tribuit
935 4697 977 4764 ad
991 4702 1114 4776 nutum,

419 4779 594 4863 Largitate,
609 4782 775 4863 charitate,
789 4783 959 4849 muctitate
972 4782 1094 4864 plenus,

419 4864 524 4932 Decus
538 4882 672 4947 morum,
686 4866 766 4932 odor
778 4865 904 4947 florum,
918 4865 1067 4932 hortulus
1082 4879 1244 4931 amoenus.
