3975 5800
897 616 1129 683 -622-

366 805 415 867 10.
435 795 871 878 Salvacuiuavirinportis
1040 804 1087 864 12.
1106 794 1541 863 Iesuchristcsnmrnosoli

432 881 601 948 Praestitit
615 878 741 945 Salome
756 880 849 946 fortis
1105 882 1152 945 Ac
1166 879 1289 945 Mariae
1303 886 1379 947 tuae
1393 878 1477 965 proli

432 965 550 1031 Hostes
565 963 679 1030 stravit
693 964 850 1031 militans:
1105 965 1218 1030 Iuncta
1233 982 1268 1030 es
1283 965 1317 1030 in
1331 983 1405 1031 arce
1419 963 1495 1047 poli,

431 1049 562 1116 Isachar
575 1049 649 1114 hinc
664 1046 851 1129 admiratur,
1105 1049 1166 1115 Hic
1182 1054 1321 1115 terrores
1336 1057 1433 1132 ainus
1448 1048 1515 1115 doli

430 1132 480 1198 Ex
494 1134 554 1199 hoc
569 1133 704 1198 multum
719 1137 753 1197 et
766 1133 914 1215 laetatur,
1104 1132 1167 1197 Pcr
1181 1138 1215 1197 te
1230 1141 1356 1200 cessent
1369 1133 1526 1201 hostium:

432 1217 511 1283 cun
527 1218 572 1283 sis
588 1215 685 1300 prolis
700 1217 860 1283 lectitans.
1104 1217 1199 1282 Illum
1213 1217 1314 1300 placa,
1330 1218 1385 1301 qui
1400 1233 1559 1300 passurus

363 1311 412 1370 11.
432 1302 545 1368 Gratia
563 1303 786 1383 interpretaris
1105 1301 1156 1366 Ad
1170 1320 1229 1367 nos
1244 1302 1331 1369 venit
1345 1308 1379 1369 et
1393 1306 1548 1367 venturus
1637 1320 1645 1360 .·

430 1386 510 1451 Eius
526 1388 618 1450 Anna
633 1383 720 1469 paris
1104 1385 1164 1450 Est
1178 1384 1315 1451 flammis
1330 1384 1563 1464 vindicaturus,

429 1471 578 1547 Matrem,
594 1466 916 1551 quaeiitsingularis
1103 1468 1553 1549 Nenobissitiudexdums,

428 1554 553 1636 Regina
568 1554 767 1619 coelestium:
1104 1551 1166 1620 Sed
1181 1554 1259 1620 coeli
1274 1553 1329 1621 det
1343 1554 1508 1635 gandium.
1549 1552 1655 1617 Arnen

429 1638 567 1705 Fructus
585 1636 688 1702 dulcis
703 1642 737 1702 tu
752 1637 902 1719 capsella

427 1722 521 1788 Hunc
536 1742 593 1805 pro
607 1722 702 1789 nobis
715 1722 887 1803 interpella

429 1806 603 1889 creditque
617 1807 717 1872 maris
732 1805 826 1872 stella

428 1890 541 1957 Ordini
556 1891 768 1957 terrestrium.

427 2016 454 2056 a.
472 1999 564 2056 Text.
601 2000 680 2055 Mica.
699 2000 824 2069 Mognnt.
847 2000 924 2055 1807.

426 2089 453 2143 b.
472 2086 654 2144 Lceartcn.
690 2091 716 2157 2,
735 2091 760 2142 4.
780 2102 861 2142 sacra
877 2088 918 2142 ist
935 2100 972 2140 su
988 2084 1051 2140 viee.
1070 2114 1105 2126 -
1127 2087 1167 2153 11,
1187 2087 1212 2139 2.
1225 2082 1300 2153 fehlt
1316 2085 1361 2139 eiu
1384 2080 1474 2140 Wort.

910 2235 1102 2245 αι-ν-..ι--ι

830 2350 900 2411 773.
944 2342 997 2409 Dc
1017 2363 1043 2409 s.
1065 2343 1173 2409 Anna.

378 2494 406 2553 1.
430 2485 570 2636 {salaciae
584 2488 696 2554 Annae
711 2487 844 2555 devotus
860 2488 1009 2555 decantet
1024 2488 1139 2553 chorus

484 2590 501 2637 e
515 2589 577 2636 ura.

374 2660 404 2722 2.
431 2654 529 2719 Cuius
545 2662 657 2738 partus
672 2657 810 2723 salutem
824 2655 976 2739 produxit
990 2656 1109 2722 mundo

429 2738 493 2805 Res
506 2738 661 2805 miranda.

374 2832 403 2893 3.
428 2822 477 2887 De
493 2824 582 2889 cuius
597 2825 685 2907 prole
701 2829 789 2891 casta
804 2829 936 2890 aeterna
949 2824 1005 2890 iux
1019 2828 1070 2891 est
1084 2826 1164 2905 orte,

428 2906 484 2972 Sol
500 2907 539 2973 de
554 2908 656 2974 stella.

371 2999 402 3058 4.
426 2991 519 3057 Anna
534 3011 572 3057 ex
586 2993 737 3076 prosapia
751 2993 858 3058 Aaron
874 2999 924 3059 cst
938 2994 1049 3075 genita

428 3075 559 3159 Semper
573 3079 670 3142 clara.

372 3168 401 3226 5.
427 3160 517 3237 Quae
531 3168 568 3226 ut
583 3161 671 3228 sidus
685 3179 818 3227 aureum
834 3161 998 3230 decoravit
1012 3163 1173 3229 saeculum

426 3246 501 3311 Pari
517 3244 629 3312 forma.

372 3339 400 3400 6.
428 3332 546 3396 Amans
560 3330 664 3396 Deum
678 3349 717 3396 ex
730 3334 799 3396 tuto
815 3329 910 3397 corde
923 3333 1013 3397 nulla
1028 3331 1117 3398 letali
1134 3332 1229 3398 sorde

425 3414 478 3480 Fit
493 3422 652 3499 corrupta.

371 3505 399 3564 7.
426 3497 567 3581 Gignens
582 3498 695 3567 salutis
709 3498 848 3566 fructum
862 3501 998 3567 abstulit
1013 3518 1136 3564 omnem
1151 3501 1271 3566 lunum

423 3583 517 3648 Valle
532 3591 652 3649 rostra.

369 3670 398 3734 8.
425 3666 474 3731 Ex
488 3668 587 3751 prole,
603 3686 699 3750 quarn
715 3669 836 3750 genuit,
852 3669 900 3735 sol
914 3686 1008 3734 verus
1023 3669 1153 3735 emicuit

424 3750 528 3817 Carne
545 3760 681 3835 sumpta.

368 3841 397 3901 9.
423 3833 478 3983 1ὃὲοΙ
494 3834 619 3901 Christe
633 3836 754 3903 irradia
767 3843 880 3904 nostra
894 3837 992 3904 corda
1006 3838 1120 3919 gratia,
1136 3854 1195 3902 nec
1210 3836 1299 3904 sinas
1313 3837 1388 3904 labe
1404 3837 1502 3903 noxia

453 3937 504 3985 sse
519 3936 623 3985 caeca.

348 4009 396 4071 10.
423 4002 522 4081 Quem
537 4021 596 4070 nec
609 4004 710 4070 iudea
724 4011 835 4072 natum
849 4004 953 4071 credit
968 4023 1027 4070 nec
1040 4007 1250 4084 immolatum,
1273 4023 1344 4071 cum
1366 4006 1432 4073 sint
1452 4023 1509 4088 per
1530 4003 1638 4084 scriptu

494 4096 604 4154 ratum

421 4173 511 4239 Haec
529 4172 702 4256 praedicta.

347 4263 394 4326 11.
421 4258 513 4324 Nunc
528 4276 584 4324 ora
599 4265 633 4323 et
646 4259 701 4340 pia
715 4264 817 4324 mater
833 4265 866 4325 et
881 4257 947 4324 filia
960 4263 1126 4325 succurrat
1140 4259 1199 4325 tibi

420 4340 506 4409 Gens
521 4344 647 4409 misera.

346 4430 394 4491 12.
419 4424 465 4493 Ut
479 4433 512 4494 te
527 4434 599 4510 post
614 4427 723 4493 tristia
737 4425 835 4493 ducat
848 4426 890 4493 ad
904 4426 1023 4509 gaudia
1036 4427 1097 4508 hic,
1112 4445 1207 4509 quem
1222 4426 1333 4509 genuit

420 4509 581 4597 Puerpera
594 4512 707 4578 Maria.

413 4634 438 4672 a.
456 4618 554 4674 Text.
591 4620 869 4689 Miss.Prag.1507.
905 4620 964 4675 Dic
981 4621 1132 4691 Abcchrifl
1157 4621 1296 4677 cerdania
1322 4621 1369 4676 icit
1386 4619 1427 4676 Η.
1446 4620 1574 4677 naseu
1607 4645 1636 4658 -·

341 4687 720 4834 ffifflelNluifnffiuhffiic
746 4693 806 4748 vicr
833 4696 926 4747 cretea
944 4690 1040 4748 Zeilcu
1067 4709 1120 4748 aaa
1147 4693 1301 4748 deucalion
1327 4692 1406 4749 Miss.
1434 4693 1496 4750 aad
1513 4708 1566 4750 aar
1584 4690 1637 4745 da

340 4920 394 4977 m
412 4847 610 4978 begemcrk.
651 4851 711 4923 Vpl.
729 4851 783 4908 Nr.
802 4855 845 4908 13.
864 4855 926 4908 158.
944 4855 1078 4909 531670.
1097 4855 1158 4907 718
1177 4855 1237 4908 726.
1257 4856 1318 4910 779.
1338 4856 1399 4910 780.
1417 4857 1481 4912 80³.
1499 4857 1561 4910 888»
1581 4851 1637 4907 823.

890 5065 1086 5079 ι--υ-ο
