3975 5800
929 588 1160 652 „430-

845 771 916 832 712.
959 767 1057 835 Des.
1079 767 1245 852 septam.

769 885 885 954 (Auctor
903 887 1012 944 Notker
1030 888 1165 947 Balbulus
1182 889 1321 960 habetur.)

466 998 564 1066 Festa
578 1000 742 1085 Stephani,
758 1010 1003 1091 protomartyris
1019 1008 1147 1091 Christi,

468 1082 585 1181 Sancta
600 1107 657 1170 per
672 1093 778 1157 orbem
794 1095 926 1159 ecclesia
942 1100 1121 1175 veneratur,

467 1169 608 1252 Eiusque
623 1176 722 1240 satoris
738 1177 770 1241 iu
785 1178 935 1244 laudibus
950 1178 1044 1245 hodie
1060 1179 1252 1262 gratulatur,

469 1253 564 1331 Ordo,
581 1274 673 1335 quem
690 1278 779 1326 sacer·
793 1262 987 1344 apostolicus

417 1348 445 1404 5.
469 1335 587 1403 Christi
603 1342 731 1409 levitam
748 1345 962 1426 consultiore,

468 1419 513 1485 Ut
529 1425 601 1504 ugni
617 1431 781 1508 sauguinis
798 1431 985 1514 propinator
1001 1429 1101 1511 fieret,

467 1506 677 1603 Inrponatque
694 1532 815 1592 uranus,
831 1520 920 1597 aptet
935 1522 968 1580 et
982 1515 1150 1582 altaribus.

466 1590 527 1654 Hrc
542 1596 641 1672 signis
658 1599 764 1678 coepit
779 1600 952 1680 pollescere
964 1601 1096 1680 crebris,

469 1674 533 1772 lam
545 1679 667 1771 ‘virtuto
683 1685 716 1746 et
730 1685 836 1762 amatia
850 1685 965 1764 plenus
980 1683 1098 1750 divina.

396 1761 444 1821 10.
468 1757 528 1855 Hac
543 1780 575 1858 rn
590 1768 760 1847 synagogis
776 1767 919 1849 disputat
934 1772 1045 1834 sancto
1060 1774 1232 1851 pneumate
1246 1768 1357 1836 hctus.

467 1841 584 1940 Lrtenrs
601 1847 720 1926 legales
736 1850 844 1916 docuit
859 1857 988 1918 cunctos
1003 1851 1165 1918 Christum
1178 1870 1301 1920 sonare.

468 1925 553 1992 Coela
568 1949 624 2012 per
638 1933 751 2000 ianuas
768 1935 847 2002 vidit
861 1938 903 2002 ad
918 1937 1081 2003 dexteram
1096 1938 1199 2019 patris

467 2010 573 2077 Iesum
590 2019 736 2096 stantem,
752 2038 786 2084 se
802 2022 1070 2099 corroborantem,

468 2094 567 2171 Quem
584 2099 672 2179 plebs
687 2103 846 2184 lapidibus
862 2107 1036 2186 prosternit
1047 2105 1145 2188 impia

396 2184 443 2243 15.
466 2178 529 2281 Ibo
545 2200 579 2246 se
595 2182 686 2251 flexis
704 2186 865 2253 Christum
880 2191 1016 2271 genibus
1031 2196 1185 2255 orantem.

468 2263 622 2346 axenplo
639 2270 757 2336 domini
772 2274 937 2338 morientis
951 2275 984 2338 in
1000 2291 1094 2338 cruce

467 2347 529 2414 Pro
544 2351 762 2432 lapidantibus
776 2357 948 2423 intercedis
963 2356 1138 2440 Stephane!

468 2431 535 2530 lain
552 2439 653 2502 nostri
670 2440 775 2521 potius
790 2441 941 2507 miserere
957 2443 1115 2525 precibus

468 2514 528 2591 Qun
539 2521 607 2614 tuis
623 2521 770 2589 laudibus
786 2526 940 2592 interesse
955 2526 1109 2609 cupimus,

395 2604 444 2665 20.
471 2599 583 2666 Lenta
598 2605 715 2673 Christi
731 2610 901 2691 praecelse.

466 2714 560 2771 Text.
598 2718 688 2772 Morel
706 2717 830 2773 Nobila
849 2717 877 2772 S.
887 2721 942 2773 308
959 2733 1028 2773 aaa:
1045 2715 1426 2774 HachdeiaauNo.182.
1445 2716 1529 2774 ἃδε.
1541 2720 1584 2774 11.
1595 2716 1689 2775 dubria

398 2816 428 2827 -
467 2786 546 2843 Sbeht
574 2790 645 2843 auch
672 2791 710 2842 im
739 2788 804 2844 cod.
825 2790 851 2844 S.
871 2789 941 2847 sall.
960 2790 1012 2846 No.
1031 2792 1084 2846 546
1104 2789 1260 2860 (Brander),
1283 2804 1398 2846 worout
1416 2790 1519 2848 Daniel
1536 2790 1572 2860 V,
1590 2794 1625 2850 42
1642 2790 1690 2846 dee

393 2857 511 2931 ,insano
529 2861 655 2930 onfdhrt.

843 3278 913 3341 713.
956 3272 1007 3340 De
1028 3292 1054 3339 e.
1073 3270 1242 3355 Stephano.

752 3392 869 3460 (Auctor
897 3390 1005 3446 Notlrar
1032 3390 1168 3447 Balbulua
1195 3390 1332 3462 hahetur.)

415 3519 442 3578 l.
467 3513 686 3594 Protomartyr
702 3512 828 3578 Domini
845 3511 1004 3595 Stephane
1024 3531 1082 3578 nos
1104 3514 1177 3596 pius
1198 3511 1283 3591 audi,
1310 3510 1444 3578 colimus
1459 3508 1546 3576 festa
1559 3515 1617 3578 tua
1631 3509 1689 3577 sin·

542 3615 615 3662 cero
629 3597 683 3677 qni
698 3603 828 3678 pectore
844 3603 876 3663 et
890 3595 986 3662 fideli.

414 3687 442 3747 2.
466 3681 526 3759 Qui
542 3682 627 3746 linea
641 3681 795 3747 extiteras
809 3681 965 3764 martyrii,
991 3681 1152 3747 sustinens
1173 3680 1384 3763 lapidantium
1405 3679 1561 3747 maranes
1577 3684 1611 3746 et
1623 3695 1690 3762 per·

542 3766 741 3846 sequentinm
758 3764 892 3831 furores.

414 3856 443 3916 3.
466 3850 700 3931 Perseqnentes
716 3850 833 3931 dihgis,
848 3851 973 3916 veniam
989 3869 1085 3931 rogas
1095 3849 1212 3932 impiis,
1228 3848 1427 3930 ignorantiae
1438 3845 1520 3913 illud
1532 3846 1690 3928 delictam,

542 3952 604 3997 non
620 3933 750 3999 facinori
768 3934 932 4000 adscribis.

414 4023 443 4083 4.
467 4017 493 4083 Ο
517 4017 652 4099 insignis
674 4019 787 4101 pietas,
811 4035 893 4099 qnae
914 4036 1043 4101 precum
1063 4016 1155 4085 offert
1176 4018 1310 4097 hostias,
1333 4015 1537 4083 reminiscens
1558 4013 1691 4099 exempli

543 4102 627 4183 qnod
642 4101 722 4167 fixus
738 4101 882 4169 exhibuit
895 4104 982 4168 Deus
999 4103 1094 4181 cruci,

415 4192 442 4252 5.
465 4188 571 4267 Pater,
588 4187 743 4268 inquiens,
756 4186 881 4253 dimitte
893 4187 957 4253 illis
967 4185 1139 4252 nefandum
1151 4186 1256 4252 scelus
1268 4184 1408 4251 criminis
1423 4184 1493 4264 hoc,
1509 4183 1690 4265 quiauasci·

541 4276 600 4336 unt
615 4289 685 4336 esse
699 4270 862 4337 haeresin!

415 4363 442 4422 6.
466 4357 517 4422 lta
539 4355 720 4438 Stephanus
740 4356 897 4421 miserans
918 4361 1023 4438 rogat,
1046 4355 1154 4420 hostes
1178 4374 1234 4437 pro
1256 4354 1357 4420 imbre
1380 4352 1523 4435 lapidum
1544 4356 1690 4418 cruentos

541 4441 655 4506 merita
671 4440 738 4523 (ne)
755 4457 857 4522 poena
868 4440 991 4521 puniat.

415 4530 442 4587 7.
465 4525 600 4591 Domine
626 4524 718 4602 lesu,
755 4523 883 4591 absolve
912 4524 1024 4590 horum
1057 4523 1164 4588 dicens
1189 4520 1370 4589 carnificum
1395 4521 1490 4588 huius
1516 4538 1618 4588 noxae
1641 4535 1690 4585 ma

541 4615 672 4691 petente
687 4608 839 4674 debitum.

413 4699 441 4759 8.
465 4693 536 4759 Hae
551 4712 663 4777 preces
677 4692 813 4758 Paulum
828 4699 1062 4777 persecutorem
1084 4692 1177 4757 nobis
1199 4689 1370 4756 effecerunt
1391 4690 1481 4773 pium
1496 4694 1593 4773 atquc
1608 4687 1689 4754 omui

505 4817 513 4831 ·
541 4783 684 4859 tempore
700 4778 864 4845 celebrem.
1643 4853 1650 4867 .

412 4866 441 4927 9.
466 4862 518 4928 Sic
531 4863 681 4944 precibus
696 4879 754 4927 nos
767 4863 843 4941 tuis,
868 4859 1039 4944 Stephane,
1062 4859 1195 4925 adiuves
1215 4858 1376 4942 prosperis
1399 4875 1470 4923 cum
1491 4875 1579 4940 rege,
1602 4870 1687 4923 curus

540 4945 644 5012 verilb
660 4946 790 5030 gerulus
805 4950 933 5030 poteras
948 4942 1087 5011 hostiurn
1105 4944 1262 5011 iacturam
1277 4942 1382 5010 audax
1397 4941 1542 5025 aufferre,
