3975 5800
869 591 1101 657 ‚402-

716 779 789 840 591.
831 772 884 841 De
903 796 930 841 s.
955 775 1064 843 θωνα
1083 776 1268 859 consumare.

340 891 488 959 (Stemma
515 908 569 948 aas
596 892 779 962 Aquitanico,
805 894 872 949 lron
888 898 949 1021 1113Ι
960 894 1256 1035 ἳαὲὴᾶῑῗιὲτκὴὶωό,
1282 892 1363 949 starb
1391 905 1438 946 ω
1456 893 1483 947 6.
1501 889 1566 947 luta·
1580 894 1634 960 57⁵,

871 982 918 1021 rer
951 984 967 1021 r
1015 1008 1022 1019 .
1058 984 1106 1021 ιιι.

368 1091 395 1150 1.
415 1085 542 1152 Laudes
558 1086 686 1152 Christo
701 1105 772 1151 cum
787 1089 906 1169 modio
1040 1096 1069 1153 7.
1088 1088 1138 1154 Ab
1152 1086 1269 1169 iniquis
1283 1091 1462 1165 accusatur,

411 1170 820 1254 Nostrapangatdevotiu
1088 1171 1275 1239 VirtusDei
1294 1174 1497 1253 protestatur

414 1254 513 1319 Cuius
526 1254 748 1320 misericordia
1088 1257 1368 1321 Huncimmunem
1382 1252 1539 1341 falsitatis

413 1338 515 1405 Nobis
531 1338 836 1421 tantadctgauclia.
1088 1340 1132 1406 Et
1146 1339 1299 1406 cultorem
1314 1337 1471 1404 scutatis.

366 1426 394 1486 2.
417 1422 496 1487 Tam
512 1423 711 1504 praeclarum
727 1423 944 1491 confessorem

414 1506 656 1588 Amplectamur
670 1515 707 1573 nt
722 1508 871 1590 Gnarum,
1040 1515 1069 1575 8.
1088 1508 1198 1575 Inlans
1212 1524 1350 1588 numque
1364 1504 1576 1588 proloquitur,

414 1591 494 1657 Eius
509 1610 566 1672 por
579 1592 741 1658 mirabilia
1088 1589 1553 1673 numasanotopraeaipitur,

415 1674 760 1742 illustraturecolesia.
1090 1678 1146 1742 Vis
1162 1674 1397 1757 naturaequod
1411 1679 1570 1755 nouerat,

367 1762 397 1823 3.
416 1759 510 1825 Hunc
524 1760 661 1826 virtutes
675 1760 862 1826 meritorum
1088 1762 1358 1826 Triduanusnam
1372 1758 1491 1825 luerat

416 1844 468 1911 Sic
484 1846 642 1911 ornabant
656 1845 716 1927 (et)
733 1845 906 1926 signorum,

416 1929 499 1994 Dum
516 1929 658 1994 incarne
673 1929 828 1995 militaret
1041 1936 1070 1996 9.
1089 1930 1192 2007 Quam
1207 1928 1330 2010 devote,
1346 1944 1443 2010 quam
1457 1930 1592 2006 ruente,

416 2013 460 2077 Et
474 2012 515 2079 ad
531 2013 635 2079 coelos
649 2011 824 2079 anhelaret.
1091 2014 1163 2091 Ore,
1179 2012 1284 2092 corde,
1302 2014 1506 2095 puramente

368 2100 398 2160 4.
417 2096 463 2162 Ut
477 2116 538 2162 non
555 2097 656 2163 solum
671 2096 846 2175 elementis,
1088 2098 1206 2164 Hacin
1223 2098 1289 2162 vita
1302 2098 1448 2180 peritura

416 2179 480 2246 Sed
499 2181 611 2247 bestiis
626 2187 660 2247 et
672 2181 825 2247 iumentis
1091 2182 1171 2247 Orat
1185 2180 1289 2247 Deum
1303 2199 1362 2264 pro
1377 2178 1497 2247 roura

416 2264 524 2330 Verbo
538 2265 598 2331 Dei
614 2266 790 2348 imperaret
1471 2298 1482 2317 ·

418 2350 462 2414 Et
476 2348 650 2416 daemones
665 2348 831 2431 effugaret.
1024 2356 1071 2416 10.
1092 2350 1183 2414 Nunc
1198 2349 1302 2415 beatis
1317 2347 1485 2430 spiritibus

369 2431 398 2492 5.
417 2432 592 2498 Ydolorum
608 2433 659 2499 bic
675 2435 833 2499 culturam
1091 2434 1223 2499 Iunctus
1238 2433 1271 2498 in
1286 2432 1481 2498 coelestibus

418 2516 867 2600 Extirpando,fidempuraur
1090 2516 1164 2581 Una
1178 2517 1263 2582 stola
1278 2516 1449 2583 decoratur

418 2601 557 2667 Cunctos
573 2602 666 2667 docet
680 2603 863 2680 observare,
1090 2600 1564 2685 Duplicemquepraestolatur.

419 2685 603 2751 Creatorem
619 2685 763 2750 adorare.

370 2764 399 2829 6.
418 2769 618 2851 Hospitalem
635 2769 876 2850 repraebetur,
1024 2775 1072 2834 ll.
1089 2769 1194 2834 Huius
1209 2786 1285 2851 ergo
1300 2769 1485 2834 interventu

417 2852 607 2935 Peregrinos
622 2852 800 2935 colligebat
1090 2853 1130 2918 In
1145 2860 1287 2919 extremo
1303 2871 1362 2919 nos
1377 2852 1521 2919 adventu

418 2937 579 3003 Christum
596 2956 703 3020 regem
718 2939 751 3004 in
766 2938 817 3003 bis
832 2956 907 3004 vere
1090 2938 1191 3003 Iudex
1208 2939 1291 3003 iuste
1306 2953 1496 3003 conseruare

419 3021 460 3087 Se
475 3021 637 3088 confidens
653 3022 824 3106 suscipere.
1092 3021 1172 3086 Cum
1188 3021 1306 3097 electis,
1321 3039 1387 3100 rer,
1406 3021 1551 3102 dignare.

419 3147 444 3183 a.
463 3130 560 3186 Text.
596 3132 686 3187 Morel
705 3132 757 3187 No.
777 3135 838 3186 427.
867 3130 895 3185 S.
914 3133 969 3184 :337
987 3147 1054 3184 aus:
1082 3132 1170 3184 cium
1188 3131 1328 3186 Greduale
1348 3131 1396 3184 des
1415 3132 1459 3182 u.
1478 3125 1579 3183 latria
1595 3137 1635 3178 ast

347 3202 408 3257 ‹loor
427 3202 610 3344 Sacjrusatcfl
628 3205 659 3258 in
677 3204 825 3273 Bappord.
863 3201 1035 3272 Mitpetber'lt
1055 3220 1108 3257 rou
1126 3202 1250 3272 Psorrer
1267 3202 1323 3258 Nilr
1341 3203 1373 3258 in
1388 3197 1519 3255 maurel
1536 3195 1635 3265 (Bittio

342 3289 500 3343 processo.

419 3362 445 3417 b.
464 3361 642 3419 Lesarteu.
679 3366 705 3430 9,
726 3368 749 3418 1.
768 3360 882 3418 attendo
900 3360 954 3416 Hs.
975 3390 1008 3401 -
1028 3363 1054 3430 9,
1073 3365 1098 3416 3.
1117 3364 1240 3432 petitura
1257 3361 1310 3417 Hs.
1339 3391 1372 3403 -
1402 3363 1445 3431 10,
1464 3363 1491 3416 2.
1514 3352 1635 3416 rainucio

348 3433 401 3490 Ha.
421 3463 455 3475 -
476 3440 518 3505 10,
537 3440 562 3491 t.
582 3436 620 3492 Et
639 3436 776 3506 duplicem
795 3432 849 3488 Hs.

900 3635 1025 3644 --—-.-—
1036 3635 1094 3642 -.-

720 3803 791 3865 592.
835 3799 888 3865 De
908 3821 933 3864 s.
959 3799 1117 3881 Gorpooio
1137 3803 1286 3881 martyre.

521 3913 609 3981 (Wor
626 3913 793 3969 Krimmcrer
811 3916 858 3970 deo
877 3914 999 3971 Kaiaera
1017 3914 1194 3981 Diokleion,
1213 3912 1322 3968 oerebrt
1340 3916 1366 3967 9.
1384 3911 1476 3981 Sept.)

352 4045 379 4102 1.
404 4034 475 4102 Hac
490 4035 522 4099 in
538 4034 590 4100 die
606 4033 791 4116 triumphali
1024 4041 1053 4102 3.
1078 4034 1124 4098 Ut
1138 4033 1250 4098 Helias
1263 4032 1431 4099 Heliseum

404 4119 453 4185 De
469 4118 631 4200 triumpho
647 4118 786 4200 spiritali
1079 4118 1243 4184 Animavit
1257 4117 1454 4182 Dorotheum

405 4204 528 4270 Nostra
542 4202 676 4285 plaudat
691 4202 815 4267 concio:
1080 4202 1130 4266 Ad
1145 4201 1284 4284 palmam
1299 4200 1471 4267 victoriae:

406 4287 742 4353 Reverentersolvens
758 4291 842 4367 vota,
1081 4286 1263 4366 Dignitates
1278 4286 1363 4366 regis
1377 4283 1451 4349 vani

407 4373 492 4437 Puro
508 4372 613 4449 cordo,
629 4374 736 4435 mente
752 4376 821 4436 tota
1081 4369 1209 4450 Sprevit
1224 4368 1415 4434 Diocletiani

407 4456 494 4521 Mart
516 4456 542 4520 ri
559 4454 730 4536 Gorgonio.
1080 4452 1231 4518 Laudans
1246 4453 1366 4533 Regem
1382 4451 1514 4533 gloriae.

352 4546 381 4605 2.
408 4475 528 4605 Mundyo
542 4540 652 4622 plures
667 4538 856 4615 militarunt,
1025 4542 1054 4601 4.
1082 4535 1234 4601 Membris
1250 4540 1359 4602 tentus
1373 4536 1407 4601 in
1421 4531 1590 4601 tormentis

407 4623 469 4700 Qui
489 4630 561 4707 post
582 4623 736 4689 mundum
751 4624 978 4687 conculcarunt
1080 4619 1202 4684 Tantus
1218 4618 1280 4685 luit
1294 4620 1385 4700 vigor
1397 4620 1526 4699 mentis,

406 4708 515 4773 Atroci
530 4707 702 4790 martyrio:
1081 4703 1127 4768 Ut
1142 4703 1268 4769 dolores
1285 4703 1442 4769 vinceret:

407 4791 497 4857 Inter
511 4790 584 4857 illos
599 4791 649 4857 hic
664 4791 787 4856 athleta
818 4829 821 4836 ,
1081 4787 1455 4869 Salesparsusetaceto

407 4875 561 4940 Mundum
577 4875 653 4940 vicit
667 4880 770 4940 morte
786 4878 896 4957 spreta
1049 4922 1052 4927 .
1080 4871 1204 4936 Poenos
1221 4871 1296 4938 tulit
1310 4871 1403 4938 vultu
1416 4871 1516 4950 lueto,

409 4959 545 5025 Securus
561 4959 600 5025 de
615 4959 766 5042 praemio.
1080 4954 1125 5019 Ut
1139 4960 1212 5038 post
1225 4959 1362 5022 mortem
1376 4954 1510 5022 viveret
1605 5053 1607 5058 Ι
