3975 5800
883 627 1117 691 ..300-

353 818 381 878 6.
407 805 629 888 Quonegante
1024 813 1055 874 8.
1081 805 1228 872 Aiudicc
1242 805 1527 874 alioexaminntur

408 890 508 955 ludex
523 897 655 972 repente
1081 890 1125 958 Et
1139 895 1300 957 tormenta
1314 897 1515 957 renovantur

407 974 797 1041 Erasmumiubetvariis
1081 976 1165 1041 Ante
1179 974 1270 1040 illata
1283 977 1430 1058 martyri,

407 1059 564 1142 Torquati
580 1059 757 1142 suppliciis,
1083 1058 1126 1124 Et
1139 1065 1214 1141 post
1228 1060 1330 1127 multa
1345 1058 1509 1142 supplicia

408 1143 649 1224 Plumb0,cera,
1080 1142 1331 1211 ChristusDeus
1347 1143 1549 1227 sempiterna

407 1227 615 1307 Pice,resina
1081 1226 1488 1309 Vexitillumudgaudia,

407 1312 550 1394 Oleoque
565 1311 777 1392 perfunditur,
1081 1308 1147 1376 Ubi
1162 1317 1248 1378 orat:
1271 1330 1343 1393 „me
1360 1313 1558 1395 quicumque

407 1394 471 1461 Sed
485 1403 608 1479 martyr
623 1414 685 1460 non
701 1395 848 1461 vincitur.
1081 1394 1478 1476 Petieritdamereedem,
1492 1395 1589 1462 demin

1025 1484 1054 1543 9.
1079 1478 1177 1560 Ergo,
1193 1486 1302 1546 sancta
1317 1487 1411 1563 pater
1425 1480 1571 1561 masne,

1080 1563 1120 1629 In
1135 1564 1280 1631 adversis
1294 1583 1353 1631 nos
1368 1570 1473 1646 tuere,

352 1657 381 1715 t.
407 1648 486 1726 Quis
501 1647 588 1714 valet
601 1648 730 1714 Erasmi
1081 1648 1487 1733 Dirigensnosprospcre,

406 1733 552 1799 Virtutes
567 1731 650 1798 fari?
1082 1730 1128 1797 Ut
1141 1732 1251 1800 clausa
1264 1734 1331 1800 vita
1346 1735 1434 1801 bono
1449 1735 1552 1802 simus

405 1819 477 1884 Non
491 1816 575 1882 enim
590 1835 648 1900 per
662 1816 789 1895 linguas
803 1813 881 1881 lerri
1081 1816 1199 1882 Tecum
1214 1816 1361 1884 sinefine

406 1901 546 1968 Cunctae
560 1904 694 1983 possent
707 1898 829 1964 referri.
1079 1900 1377 1968 Laudantesfilium
1392 1901 1531 1969 Mariae.

419 2028 443 2065 a.
463 2010 557 2066 Text.
593 2010 677 2064 Mona
703 2009 755 2064 No.
775 2012 829 2063 910
856 2009 892 2077 (3,
911 2008 975 2071 292)
995 2024 1062 2062 aua:
1088 2008 1143 2064 Ha.
1171 2026 1209 2065 aa
1235 2009 1475 2080 Pommcrafeldcn
1502 2011 1588 2068 aaa

348 2087 391 2137 15.
411 2083 511 2137 Jabrb.
530 2114 564 2123 —
583 2082 683 2136 Daniel
703 2080 738 2150 V,
755 2084 806 2135 261
826 2080 876 2135 bct
895 2080 948 2133 den
967 2077 1038 2133 Teat
1057 2097 1110 2135 aus
1127 2082 1220 2137 Mune.

419 2173 444 2228 b.
463 2170 646 2226 Leaarten.
684 2175 709 2239 3,
730 2175 754 2224 1.
773 2169 871 2225 sabulo
890 2167 943 2223 Ha.
962 2199 997 2211 -
1015 2172 1041 2238 3,
1061 2174 1086 2225 2.
1105 2170 1280 2225 Diocletiane
1298 2169 1352 2225 He·
1371 2187 1480 2242 ,00000
1498 2173 1553 2230 dus
1572 2171 1589 2227 V

347 2260 432 2299 meaa.
468 2242 531 2297 Der
549 2243 737 2297 Abacbreiber
754 2247 857 2297 aouaate
875 2240 961 2307 nieht,
981 2241 1049 2295 daea
1066 2242 1225 2298 Diocletian
1244 2243 1344 2297 0011101
1359 2243 1474 2301 Diocles
1492 2244 1573 2317 hicet,

349 2317 399 2370 der
417 2315 537 2369 Dichter
555 2315 704 2369 lateiniaeb
717 2313 825 2381 flectirt
842 2313 901 2368 bct.
928 2312 1057 2368 Lactant.
1075 2321 1157 2368 mort.
1176 2328 1282 2384 persae.
1303 2316 1348 2369 9.“
1366 2315 1462 2371 Mene.

418 2422 442 2459 c.
461 2403 620 2458 Benterlc.
660 2403 748 2457 Hebe-r
766 2403 818 2458 dua
836 2400 1037 2474 Rbytbmtscbe
1055 2408 1105 2458 etc.
1123 2404 1233 2472 spricbt
1251 2403 1372 2461 Bartsch
1391 2403 1423 2459 S.
1442 2406 1506 2460 186.

901 2535 1099 2543 .--—-——--

807 2620 877 2681 554.
919 2614 970 2682 De
990 2634 1017 2679 0.
1040 2614 1190 2682 Eratttw.

350 2757 376 2815 1.
403 2751 515 2819 Mundi
530 2751 695 2818 renovatio
1078 2749 1289 2833 Solamenque
1304 2753 1454 2818 suavium

402 2838 446 2903 Et
460 2837 651 2903 mundorum
667 2837 755 2904 natio
1077 2835 1438 2924 Hicaccepitbrarium

401 2923 580 3005 Martyrum
596 2922 781 3005 pontificum
1077 2920 1215 2987 Currens
1230 2922 1280 2986 vir
1293 2922 1326 2987 in
1341 2922 1460 2988 stadio.

401 3005 575 3072 Primatum
589 3007 791 3088 magnificum
1021 3012 1052 3068 4.
1078 3003 1159 3070 Gelu
1175 3007 1422 3072 mortislividae

400 3090 571 3158 Erasmum
587 3092 698 3157 deifice
1075 3089 1136 3156 Die
1151 3089 1228 3156 solis
1244 3090 1346 3156 rivide

401 3176 528 3243 Laudat
542 3181 575 3242 et
588 3176 721 3242 mirifice
1074 3174 1214 3240 Vincens
1229 3174 1425 3241 vicitrivide

402 3260 538 3328 Medulis
554 3261 761 3344 placentibus.
1075 3259 1173 3325 Rivos
1188 3256 1325 3326 fundens
1340 3260 1479 3342 gloriae:

347 3347 375 3404 2.
401 3345 490 3427 Ignis
505 3346 587 3411 sacri
603 3346 741 3411 numinis
1074 3342 1204 3423 Caesus,
1221 3344 1327 3409 laesus
1342 3346 1484 3426 angitur,

401 3430 445 3496 Et
459 3430 582 3496 aeterni
600 3432 731 3496 luminis
1075 3429 1186 3506 Assus,
1201 3446 1313 3509 passus
1329 3426 1492 3510 frangitur

401 3515 572 3580 Erasmum
587 3513 796 3597 perflagravit
1074 3511 1213 3578 Victima
1228 3513 1391 3578 victoriae.

402 3599 449 3664 Ac
463 3617 579 3663 manua
593 3599 678 3664 vitae
693 3598 781 3679 pavit
1019 3591 1048 3652 5·
1074 3595 1168 3661 Viam
1183 3596 1267 3662 vitae
1281 3596 1459 3679 praedicat,

401 3682 577 3763 Virginalis
592 3682 709 3748 clibani
1074 3680 1183 3746 Vitam
1198 3679 1317 3746 iunctis
1333 3681 1471 3763 dedicat,

401 3766 439 3831 ln
453 3767 613 3833 montanis
627 3766 741 3834 Libani
1074 3765 1216 3847 Imperat
1231 3764 1374 3848 imperiis

401 3849 513 3916 cervis
528 3850 795 3918 ministrantibus.
1073 3847 1146 3913 Non
1161 3849 1298 3915 verendo
1314 3848 1471 3932 gladium:

345 3933 374 3990 3.
401 3934 742 4001 Goelumfitsereuius
1074 3932 1150 3999 Vita
1165 3939 1299 4000 mortem
1314 3938 1456 4016 superat,

400 4019 444 4083 Et
458 4018 591 4084 lucescit
606 4019 739 4101 plenius,
1073 4016 1229 4084 Erasmus
1243 4023 1415 4100 recuperat

400 4103 558 4169 Ornatam
573 4104 735 4169 amoenius
794 4130 796 4133 ⁴
1074 4100 1185 4167 Tentis
1199 4103 1232 4167 in
1247 4103 1384 4169 miseriis

400 4187 469 4254 Hoc
484 4188 607 4253 stellari
621 4188 727 4253 radio:
1073 4184 1396 4268 Paradisigaudinm.

414 4314 439 4352 0.
460 4296 555 4352 Text.
592 4296 691 4351 Daniel
709 4297 744 4365 Il,
765 4298 817 4350 194
836 4311 851 4350 0
869 4294 947 4351 Miss.
966 4295 1127 4350 Patavicnsi
1147 4298 1224 4351 1491.

412 4386 437 4441 b.
457 4384 613 4439 Bemerlt.
650 4384 743 4454 „Haec
771 4383 930 4452 Sequentia,
959 4398 1030 4451 quae
1058 4382 1194 4436 minorum
1222 4397 1257 4436 ne
1283 4381 1373 4437 dicam
1400 4384 1576 4441 minimarum

341 4459 474 4527 gentium,
501 4457 576 4510 hunc
603 4456 693 4510 locum
722 4462 805 4511 nacta
823 4461 874 4522 cst,
900 4471 934 4509 ne
953 4453 1026 4510 desit
1045 4467 1156 4508 carmen
1179 4454 1214 4508 ad
1233 4469 1357 4509 normam
1375 4456 1482 4513 Prosae
1502 4455 1589 4512 Pascis

340 4529 461 4584 Mundi
488 4527 676 4584 renovatio
705 4529 737 4596 (a.
758 4527 827 4581 oben
845 4527 897 4582 No.
917 4527 962 4594 90)
990 4526 1181 4595 compositum.
1219 4525 1306 4579 Vides
1334 4534 1448 4595 poetam
1467 4535 1589 4586 nostrum

340 4602 394 4658 hoc
413 4616 512 4655 nomeu
531 4601 663 4669 meretur)
691 4599 751 4654 iare
778 4598 880 4667 ubique
908 4598 977 4653 adeo
997 4598 1175 4666 stropharum
1194 4597 1275 4651 initia
1294 4597 1443 4666 diligenter
1463 4601 1589 4657 servarier

341 4673 478 4728 Daniel.
506 4701 541 4713 -
570 4674 595 4740 l,
615 4675 640 4726 3.
659 4670 772 4726 riride
790 4670 898 4724 scbeint
916 4684 970 4723 000
988 4670 1073 4736 rivus,
1093 4670 1154 4723 also
1172 4685 1214 4721 =
1231 4669 1367 4738 reiaaend,
1393 4671 1510 4740 senaa,
1527 4672 1589 4743 geba·

340 4760 391 4828 ²3⁴.
394 4745 468 4870 ι111010.Ι
503 4744 605 4870 1)ῗηὶοὲ
632 4743 696 4800 bat:
725 4742 812 4799 rivide
832 4743 880 4813 (Ι).
916 4739 978 4794 Der
1004 4741 1145 4810 apielende
1163 4739 1285 4796 Dictator
1312 4747 1394 4812 sagi:
1421 4743 1547 4802 Viueeus
1572 4761 1588 4798 r

340 4831 392 4871 rrvr
412 4831 427 4869 0
445 4831 520 4871 riuos
551 4832 614 4871 uu.
