3975 5800
819 559 1051 625 -189-

737 750 809 815 241.
854 745 987 816 Gaudio
1008 746 1150 815 Murice.

297 928 314 946 ..
342 882 458 951 Gaude
471 884 571 967 virgo,
585 888 690 951 mater
704 884 833 966 Christi,
963 889 992 951 3.
1018 886 1139 967 Gaude,
1154 884 1231 967 quia
1245 882 1292 949 tui
1309 881 1387 961 uati,

343 969 435 1046 Quae
449 988 506 1053 per
519 986 631 1035 aurem
646 970 828 1054 concepisti.
1019 971 1119 1048 Quem
1133 969 1265 1036 videbas
1279 972 1413 1032 mortem
1429 963 1506 1048 pati,

344 1054 495 1121 Gabriele
510 1054 638 1120 nuntio:
1018 1057 1135 1137 Fulget
1149 1052 1358 1120 resurrectio:

344 1139 469 1218 Gaude,
484 1139 560 1220 quia
574 1138 642 1205 Deo
657 1138 755 1220 plena
1019 1140 1131 1206 Gaude
1146 1139 1273 1204 Christo
1289 1134 1467 1216 resurgenti

343 1222 607 1306 Concepistisine
624 1241 727 1306 poena
1017 1224 1062 1290 Et
1075 1225 1118 1289 ad
1132 1224 1238 1289 coelos
1251 1219 1448 1297 ascendenti,

343 1305 424 1374 Cum
440 1308 571 1390 pudoris
588 1307 666 1372 lilio.
1018 1310 1109 1374 Motu
1124 1307 1226 1374 fertur
1239 1307 1378 1388 proprio.

297 1392 314 1449 t·
341 1390 466 1471 Gaude,
482 1390 643 1459 Christum
659 1392 808 1473 genuisti,
963 1392 992 1453 4.
1019 1395 1140 1470 Gaude,
1156 1410 1239 1474 quae
1250 1396 1323 1473 post
1332 1392 1437 1474 ipsum
1453 1385 1589 1464 scandis,

344 1474 447 1553 Quem
462 1476 596 1543 adorare
611 1476 804 1559 conspexisti
1018 1478 1062 1544 Et
1077 1484 1128 1544 est
1141 1477 1243 1542 honor
1257 1476 1317 1542 tibi
1332 1473 1463 1557 grandis

343 1560 532 1644 Tresreges
546 1579 618 1626 cnm
632 1561 788 1644 tripudio:
959 1571 965 1579 ·
1018 1564 1055 1628 ln
1070 1563 1149 1628 coeli
1164 1561 1299 1644 palatio:

344 1644 468 1723 Gaude,
485 1644 572 1727 quod
586 1649 637 1712 est
653 1650 876 1730 praesentatus
1018 1646 1081 1712 Ubi
1097 1646 1220 1711 fructus
1235 1644 1356 1710 ventris
1372 1643 1419 1706 tui

341 1726 545 1795 Pertefelix
559 1735 634 1795 tuus
649 1733 744 1797 natus
1019 1732 1080 1798 Per
1094 1736 1127 1797 te
1143 1731 1233 1797 nobis
1248 1729 1341 1794 detur
1355 1725 1418 1792 frui

342 1813 440 1897 Legis
454 1813 648 1881 testimonio.
1019 1816 1057 1881 In
1073 1813 1346 1899 perennigaudio.
1379 1812 1489 1876 Amen.

356 1920 451 1979 Text.
489 1924 573 1979 Mona
590 1923 643 1979 No.
662 1927 715 1981 455
734 1926 770 1995 (2,
791 1927 862 1996 163.)
880 1943 948 1982 oua:
966 1925 1160 1982 Reicdeuouer
1178 1921 1352 1993 Punica-Ha.
1371 1918 1588 1977 licaoniae.

297 2010 323 2049 aa
340 1992 512 2066 Koruruae,
530 1998 573 2052 15.
590 1994 691 2053 Joorh.

837 2182 946 2189 ..ι-..--
978 2182 987 2189 ι

510 2327 580 2392 242.
623 2324 677 2392 De
690 2334 807 2409 septem
818 2329 949 2413 quudiis
963 2329 1071 2396 beatae
1085 2327 1219 2394 Mariua
1232 2325 1376 2409 oirqiais.

297 2474 315 2531 ζ.
340 2460 458 2529 Gaude
472 2461 575 2544 virgo,
590 2468 694 2528 mater
709 2464 838 2547 Christi,
962 2477 991 2535 4.
1019 2465 1130 2533 Gaude
1145 2463 1272 2529 Christo
1288 2462 1502 2528 adscendente

341 2546 434 2624 Quae
447 2565 506 2630 per
519 2566 629 2613 aurem
647 2551 819 2633 concepisti
1017 2550 1062 2616 Et
1076 2552 1108 2616 in
1123 2551 1246 2615 coelum
1262 2554 1294 2614 te
1311 2546 1440 2611 vidente

343 2630 496 2699 Gabriele
511 2631 639 2698 nuncio:
1018 2636 1109 2701 Motu
1123 2633 1226 2699 fertur
1244 2631 1390 2714 proprio:

343 2714 469 2793 Gaude,
484 2716 683 2795 quaeaDeo
697 2716 790 2799 plena
1019 2718 1142 2799 Gaude,
1162 2724 1236 2783 tuus
1251 2722 1347 2782 natus
1361 2714 1449 2779 misit

342 2798 506 2883 Peperisti
519 2799 590 2866 sinc
604 2819 708 2883 poena
1019 2805 1171 2870 Sanctum
1185 2820 1332 2884 pneuma,
1348 2806 1385 2866 nt
1399 2796 1555 2881 promisit,

343 2882 425 2950 Cum
439 2881 572 2969 pudoris
586 2884 663 2953 lilio.
1019 2886 1197 2955 Cunctisin
1211 2885 1355 2968 pallatio.
1553 2964 1559 2977 ⁸

962 2974 990 3035 5.
1017 2973 1139 3054 Gaude,
1154 2991 1237 3054 quae
1249 2977 1323 3054 post
1334 2970 1439 3052 ipsum
1452 2965 1589 3046 scandis,

1016 3058 1060 3124 Et
1075 3063 1123 3124 est
1137 3057 1198 3122 tibi
1212 3056 1312 3121 honor
1327 3052 1457 3136 grandis

297 3099 318 3160 t.
343 3093 470 3176 Gaude,
484 3112 576 3176 reges
591 3096 675 3161 dona
688 3094 796 3163 ierunt
1018 3145 1055 3209 ln
1071 3142 1151 3208 coeli
1168 3140 1297 3206 wlatiffi

343 3179 781 3345 ffiffiffgfeffigfffflm
1019 3227 1131 3293 cauae
1145 3224 1222 3292 flore
1236 3221 1385 3305 virginali

344 3346 857 3499 descenderamus
1017 3307 1393 3461 ititantdtdu

343 3515 441 3600 aa
1018 3472 1424 3629 trituramus

1018 3649 1057 3713 In
1071 3648 1202 3730 pereuni
1216 3645 1343 3728 gaudio.
1465 3725 1471 3736 ι

297 3731 321 3793 3.
345 3725 469 3807 Gaude,
484 3743 579 3808 quem
594 3728 795 3812 inquisition,
963 3730 992 3791 6·
1019 3731 1141 3812 Gaude,
1157 3751 1240 3814 quae
1255 3748 1291 3796 us
1305 3730 1359 3794 lux
1376 3726 1499 3804 solane,

343 3809 425 3876 Post
438 3816 506 3877 tres
520 3812 589 3877 dios
604 3813 754 3881 invenisti
1019 3817 1117 3897 Coeli,
1132 3821 1238 3882 turrae
1252 3811 1448 3895 imperatrix,

344 3893 519 3962 Doctorum
535 3895 699 3964 inmedio:
1019 3899 1376 3967 Madiatrixhominum.

346 3977 471 4060 (deusde,
487 3979 564 4063 quia
579 3981 625 4047 tui
640 3983 717 4064 uati,
1019 3987 1141 4066 Gaude,
1157 3986 1233 4068 quia
1247 4003 1280 4050 es
1298 3980 1448 4060 adiutrix,

343 4061 446 4138 Quem
460 4062 594 4132 videbas
608 4074 741 4134 mortem
755 4072 833 4152 pati,
1019 4072 1151 4152 Semper
1165 4071 1219 4152 pia
1232 4069 1277 4135 sis
1292 4071 1324 4132 et
1342 4065 1449 4131 nutrix

344 4147 464 4230 Fulget
478 4152 679 4217 resurrectio.
1021 4155 1155 4222 Placans
1170 4153 1331 4220 Christum
1345 4150 1526 4216 Dominum.

357 4253 453 4313 Text.
490 4257 571 4314 Text.
590 4274 649 4329 seq.

840 4492 1041 4502 -——-—-—.-

504 4653 575 4717 243.
619 4649 671 4716 De
684 4659 799 4736 septem
810 4657 942 4738 aaudiat
956 4657 1064 4724 beatae
1078 4657 1212 4724 Mur-iac
1226 4657 1369 4740 eiramis.

297 4787 318 4848 Ι.
344 4781 459 4850 Gauda
473 4786 573 4866 virgo,
587 4793 691 4853 mater
705 4788 834 4874 Christi,
1020 4792 1142 4872 Gaude,
1158 4794 1232 4875 quia
1247 4795 1322 4858 durn
1338 4797 1475 4863 cantasti

344 4865 435 4946 Quae
449 4885 508 4951 per
521 4889 632 4936 aurern
647 4876 820 4956 concepisti
1018 4876 1202 4959 Magnificat
1216 4878 1367 4944 exaltasti

343 4950 495 5021 Gabriele
508 4955 641 5022 nuncio:
1018 4961 1100 5028 Miro
1116 4961 1363 5045 cordisgaudio.
