3975 5800
890 560 1101 626 ..(16.-

392 741 480 808 111515
495 742 595 826 spinis
610 747 789 822 coronatus,
1070 742 1124 808 Sol
1140 758 1312 808 coruscans
1327 744 1360 806 te
1375 739 1520 822 fulgente

394 828 483 892 Inter
498 844 634 908 nequam
650 826 833 908 deputatus,
1070 827 1257 909 ltesperatis
1273 827 1385 892 oritur.

394 912 478 977 Potu
493 910 587 976 felleo
603 911 737 989 cibatus
1016 919 1044 977 7.
1071 913 1109 976 lu
1123 912 1183 976 hoc
1198 909 1279 975 festo
1296 917 1328 976 te
1341 910 1521 990 laudantes

394 995 533 1061 Locutus
546 997 580 1059 in
595 996 728 1060 tumulo.
1070 995 1146 1060 Tuis
1161 996 1265 1077 plagis
1281 994 1511 1077 hymnisantes,

342 1083 370 1145 6.
397 1081 517 1145 Auctor
531 1079 625 1159 vitae,
641 1099 703 1145 non
718 1079 817 1144 invite
1070 1080 1174 1144 Deum
1189 1098 1300 1144 verum
1314 1081 1498 1156 adorantes

395 1164 531 1240 Pateria,
547 1164 603 1230 sed
618 1170 654 1229 ut
670 1164 795 1245 sopitae
1071 1164 1128 1228 Pio
1144 1164 1235 1228 vultu
1249 1165 1389 1245 respice:

396 1247 469 1312 Sint
482 1247 571 1313 Adae
586 1249 657 1314 viae
672 1247 794 1313 tellitao
1072 1248 1135 1312 Per
1148 1246 1208 1312 hoc
1224 1266 1312 1313 mare
1327 1247 1517 1327 navigantes

395 1332 461 1396 Sub
476 1333 566 1413 queis
581 1335 687 1416 proles
701 1333 853 1396 moritur:
1073 1332 1142 1396 Duc
1158 1333 1198 1396 ad
1215 1339 1342 1413 portum
1358 1331 1555 1413 remigantes

396 1417 441 1481 Tc
456 1422 606 1497 surgente
621 1416 658 1481 fit
673 1422 805 1499 repente
1073 1416 1149 1480 Zelo
1165 1422 1196 1481 to
1215 1416 1444 1494 desiderantes,

395 1500 465 1564 Lux
480 1501 513 1565 in
528 1501 668 1566 tenebris
683 1502 817 1579 iacente,
1072 1500 1139 1565 Nec
1160 1501 1344 1582 redemptos
1368 1500 1504 1582 despice.
1535 1500 1646 1568 Amen.

412 1626 437 1664 a.
456 1608 551 1663 Text.
588 1609 793 1677 Wackernagel
812 1611 833 1677 Ι,
854 1610 913 1663 183.
933 1623 999 1661 oua:
1017 1609 1096 1664 Miss.
1115 1610 1188 1677 Mog.
1210 1614 1278 1665 1482
1298 1611 1353 1681 (Α),
1373 1611 1447 1680 biog.
1459 1611 1528 1664 1497
1548 1610 1602 1680 (B).
1614 1640 1646 1650 -

341 1681 417 1738 Miss.
436 1681 510 1750 Mog.
532 1685 599 1736 1507
619 1682 669 1806 (lg.
706 1681 794 1735 Neole
812 1698 838 1749 p.
859 1683 901 1763 71).
921 1695 936 1763 a
954 1681 1032 1734 bliss.
1051 1682 1126 1749 Mog.
1145 1686 1213 1738 1513
1233 1681 1422 1752 (Dp-steht
1440 1682 1512 1736 auch
1532 1683 1569 1735 im
1581 1682 1646 1737 (lod.

342 1754 368 1807 S.
388 1753 459 1807 Gall.
479 1753 636 1821 5461111511
658 1754 698 1821 51)
718 1770 745 1807 u.
765 1752 830 1807 (1511.
850 1750 969 1806 Ε11151111.
991 1755 1051 1806 121.
1071 1767 1142 1806 saec.
1162 1754 1196 1807 X.

411 1841 437 1893 b.
456 1838 637 1894 Loaarten.
674 1842 698 1909 3,
719 1843 742 1892 7.
762 1838 901 1905 anulatur,
920 1837 1054 1892 calciatur
1072 1839 1106 1893 A.
1125 1839 1224 1895 Waok.
1244 1841 1404 1894 calcitratur
1422 1841 1503 1896 BCD.
1523 1872 1559 1882 -
1578 1845 1606 1909 5,
1622 1845 1647 1896 3.

340 1913 480 1967 5111515155
494 1911 569 1978 sebit
587 1910 668 1966 BCD.
705 1941 739 1951 —
775 1909 863 1964 Neale
882 1910 946 1963 bat:
965 1910 1110 1980 (elevatus)
1128 1911 1201 1964 15111.
1234 1943 1268 1952 -
1305 1916 1332 1978 5,
1351 1916 1376 1967 5.
1396 1912 1467 1967 divis
1486 1928 1527 1982 sp.
1546 1914 1646 1968 Wack.

342 1981 510 2051 (11155111)
530 2012 563 2024 -
582 1985 608 2049 6,
629 1988 652 2036 1.
671 1982 745 2036 11155
763 1998 818 2035 non
836 1981 940 2035 11111155
956 2022 961 2034 .
976 2021 982 2034 .
1000 1981 1025 2035 S.
1044 1981 1124 2036 Adae
1142 1983 1203 2038 1155
1222 2000 1243 2038 5.
1264 1984 1290 2038 S.
1317 1985 1379 2050 quis
1397 1984 1495 2040 Wocle
1515 2001 1570 2040 aua
1589 1985 1647 2040 AB.

341 2056 427 2110 insite
445 2056 471 2109 S.
491 2054 526 2108 ad
545 2061 573 2108 te
591 2054 687 2109 Nealc.
724 2055 785 2109 Sint
802 2052 853 2107 ude
874 2054 901 2120 (i.
921 2069 944 2107 c.
964 2052 1053 2122 Adae)
1073 2055 1101 2108 C.
1139 2084 1173 2094 —
1210 2057 1235 2125 6,
1249 2058 1273 2111 6.
1293 2055 1363 2125 „Vel
1382 2055 1515 2111 iacenti
1535 2057 1649 2127 scripsit

345 2134 438 2197 poeta,
456 2127 500 2180 151
519 2125 589 2180 15151
607 2126 714 2180 ulcus.“
732 2126 828 2180 Nesla.
854 2154 888 2163 -
913 2127 937 2193 7,
959 2127 984 2178 2.
1004 2126 1101 2194 ymnis.
1114 2124 1148 2178 Α.

413 2231 436 2269 5.
455 2212 610 2270 Bemerd.
648 2218 673 2284 8,
693 2217 718 2268 6.
736 2214 765 2269 S.
785 2214 852 2268 Luc.
872 2212 948 2281 XVI,
967 2215 1011 2266 22.

795 2530 845 2590 59.
888 2524 941 2589 De
962 2530 1074 2589 555515
1096 2544 1197 2589 cacco.

704 2643 821 2714 (Auctor
839 2649 881 2699 est
899 2643 1075 2698 Hermannus
1095 2642 1279 2713 Contractus.)

368 2775 394 2835 1.
418 2768 545 2847 Grates,
565 2766 675 2844 honos,
695 2763 875 2830 hierarchia
895 2768 928 2829 et
947 2765 1163 2847 euphonizans
1183 2766 1243 2832 tibi
1264 2764 1547 2832 interminabiliter
1560 2764 1652 2847 hym·

493 2850 630 2933 nologia.

366 2944 394 3005 2.
419 2936 629 3004 Sacrosancta
649 2938 685 3000 tu
706 2935 808 3017 patris
827 2934 944 3016 hostia,
963 2934 1039 3001 Iesu
1059 2934 1195 3015 Christe,
1211 2935 1274 3018 [rex
1294 2936 1493 3015 monarchos
1510 2934 1651 3002 omnium

493 3022 628 3086 antistes
642 3023 675 3084 et
689 3018 905 3100 eulogumene.

370 3111 398 3171 3.
421 3106 545 3172 Pietate
563 3109 600 3170 tu
619 3103 823 3187 propiciator,
844 3105 899 3186 qui
918 3104 1061 3186 gratuita
1080 3102 1185 3184 ipsum
1205 3106 1237 3168 te
1258 3108 1389 3186 propter
1413 3121 1472 3168 nos
1487 3102 1653 3186 obtuleris,

496 3189 752 3255 mmmm

365 3279 395 3340 4.
418 3209 594 3341 3151115115
617 3273 742 3356 spirans
761 3270 829 3337 Deo
848 3272 1026 3337 torridulus
1046 3271 1184 3352 odorem,
1209 3289 1280 3337 aum
1302 3271 1504 3339 eumandrita
1517 3272 1652 3355 profrm·

495 3360 586 3424 deres
601 3363 692 3422 tuum
707 3374 765 3437 pro
782 3374 912 3422 erroneo
927 3374 1026 3438 grege
1040 3374 1194 3422 cruorem.

367 3449 396 3509 5.
418 3443 483 3508 Vas
509 3447 657 3507 excoctus
683 3442 756 3521 igne
781 3440 937 3521 passionis
961 3446 999 3505 ut
1020 3446 1223 3519 testaceum,
1252 3458 1374 3505 summo
1393 3440 1514 3523 plastes
1536 3442 1654 3524 physin

493 3531 659 3591 restauras
673 3525 746 3605 pius
761 3524 828 3588 irae
843 3542 1001 3589 vasorum.
1636 3595 1641 3604 Ι

368 3615 395 3675 6.
418 3609 515 3691 Legis
530 3609 585 3689 qui
599 3612 765 3689 peccatum
779 3610 945 3688 crucisque
960 3607 1065 3674 iactus
1081 3627 1115 3676 es
1130 3606 1333 3674 maledictmn
1350 3606 1491 3673 libidinis
1506 3608 1652 3675 uictima-

495 3710 576 3771 rum,
591 3690 728 3756 bestiale
742 3697 886 3756 nostrum
901 3691 1044 3771 coelitus,
1059 3711 1078 3757 o
1093 3693 1290 3771 Emmanuel,
1305 3692 1400 3757 ablue
1414 3691 1576 3758 delictum.

368 3783 396 3841 7.
417 3775 660 3853 Reconciliator,
686 3774 809 3856 asylum
835 3793 971 3857 spesque
996 3777 1064 3841 sola
1088 3796 1226 3854 reorum,
1250 3777 1389 3858 inspiras
1413 3776 1599 3842 dediticiam
1613 3782 1650 3843 tu

496 3858 735 3937 contessionem,
750 3856 799 3923 fer
813 3860 916 3939 nobis,
931 3861 1097 3942 paraclite,
1111 3860 1378 3944 propitiationem.

368 3955 396 4015 8.
420 3943 468 4009 Tu
483 3961 616 4025 magnus
630 3942 754 4022 respice
768 3944 928 4025 paruulos,
944 3943 1113 4024 archiater,
1128 3963 1185 4010 nos
1201 3944 1407 4011 morbidulos.

368 4034 397 4094 9.
419 4027 463 4092 Et
478 4032 589 4094 contra
603 4026 715 4091 mortis
729 4027 888 4108 poterium
902 4028 987 4094 vitae
1002 4029 1175 4111 propinans
1190 4028 1379 4094 antidotum.

349 4118 397 4177 10.
420 4111 468 4176 Tu
489 4116 577 4177 totus
599 4109 799 4190 desiderium,
824 4111 908 4191 boni,
934 4112 1035 4177 totius
1058 4113 1182 4193 generis
1196 4112 1470 4193 generalissimum
1484 4110 1652 4193 gaudimo-

496 4196 593 4272 nium,
608 4200 644 4260 tu
660 4211 755 4274 quam
770 4194 934 4261 verissime
949 4196 1196 4278 hyperbolicum,
1216 4198 1348 4277 solaque
1369 4196 1489 4261 soteria
1503 4196 1651 4276 clemona,

497 4280 545 4345 tui
558 4297 616 4343 nos
630 4278 743 4343 intima
758 4297 854 4361 pasce
868 4280 1001 4345 theoria.

351 4369 398 4428 11.
421 4363 510 4429 Theu
529 4367 628 4445 panta
645 4362 788 4443 eleymon
807 4382 827 4427 5
849 4363 935 4428 hesis
954 4363 1156 4444 henignicula
1175 4368 1268 4430 tuton
1288 4367 1455 4444 amartyon
1480 4362 1652 4428 sanctimo-

495 4447 583 4513 nium
603 4446 706 4525 dulce,
727 4382 905 4543 iocungule,
926 4453 962 4512 tu
985 4448 1127 4528 deliciae,
1148 4455 1260 4532 portus
1280 4448 1397 4529 quietis
1412 4447 1514 4527 unice,
1536 4445 1651 4511 archos

496 4535 623 4614 patrum
638 4534 671 4595 et
685 4536 832 4612 optrmas,
847 4532 975 4613 eleyson
989 4550 1090 4614 ymas.

351 4620 398 4683 12.
421 4615 485 4681 Fac
500 4633 557 4681 nos
572 4614 654 4680 calix
668 4613 813 4695 inebriet,
835 4634 893 4698 per
908 4633 1001 4697 quern
1017 4618 1156 4699 optimus
1171 4614 1355 4682 sobrietatis
1374 4613 1567 4697 spiritalium
1581 4612 1652 4696 dnl-

497 4698 617 4764 cedinis
638 4703 839 4763 aeternorum
861 4700 961 4765 mirae
983 4700 1161 4765 dilectionis
1181 4700 1374 4781 sophiaeque
1399 4698 1563 4777 salutaris,
1587 4715 1651 4780 quo

497 4782 571 4847 vitis
587 4782 706 4849 Sorech
720 4782 868 4864 palmites
883 4781 1006 4849 fructus
1020 4785 1127 4866 plures
1141 4781 1225 4849 ferre
1240 4801 1395 4866 queamus
1407 4783 1577 4850 locusta.

351 4870 398 4934 13.
420 4866 463 4933 Et
478 4874 514 4933 tu
528 4867 615 4932 solus
629 4868 685 4949 qui
699 4866 826 4932 fortiter
840 4868 942 4933 crucis
956 4868 1097 4934 torcular
1111 4868 1267 4949 tristeque
1281 4867 1433 4952 praalum-
1454 4867 1505 4923 rh·
1518 4865 1561 4915 ¹¹·
1575 4877 1651 4930 nau-

497 4950 586 5017 tibus
600 4951 770 5034 nullusque
788 4955 905 5033 tecum,
923 4953 1008 5019 idem
1021 4954 1098 5036 ipse
1120 4952 1233 5020 botrus
1246 4953 1324 5032 515111
