3975 5800
886 654 1118 717 -150-

424 838 516 892 Text.
553 839 680 902 Moneo,
699 841 742 891 24.
771 853 840 891 aas:
866 836 919 891 Hs.
947 837 1000 892 No.
1019 839 1089 892 2888
1117 854 1155 891 55
1172 836 1408 906 Pommcrsfeldeu
1436 835 1480 890 bei
1507 833 1656 904 Bamberp,

351 915 394 964 15
413 910 512 964 Jahrb
549 909 614 964 Das
633 908 706 962 Lied
724 909 774 962 bat
793 909 893 962 515557
912 908 1113 977 81555155.-
1135 908 1287 978 DanielV,
1301 910 1358 963 165.
1378 908 1428 963 bat
1447 908 1501 962 den
1519 905 1656 961 Testatos

351 983 496 1037 111555-
516 981 596 1035 Socer
614 980 717 1035 55515
705 997 743 1034 cm
763 980 829 1035 Cod
849 983 875 1035 S.
895 980 966 1035 Gall.
985 984 1039 1035 546
1058 980 1213 1049 (Brunder).

667 1263 735 1323 188.
780 1256 822 1320 Iu
843 1257 894 1321 da'e
922 1258 1183 1341 candificatiouis
1204 1257 1346 1324 Mariae.

353 1390 505 1457 1.ddost
522 1391 588 1456 dios
605 1410 667 1472 quo
683 1391 789 1457 firmat
775 1398 828 1457 555
1047 1402 1075 1460 7.
1095 1391 1147 1457 Sic
1159 1410 1219 1474 per
1232 1393 1300 1456 Aue
1314 1393 1485 1472 salutatur,

406 1475 486 1558 Spes
501 1477 668 1556 promissa
685 1482 717 1541 et
731 1477 867 1541 miratur
1095 1476 1317 1558 Dispensatur‚
1333 1473 1544 1541 foecundatur

405 1559 508 1625 Coclis
524 1559 738 1626 admirabilis:
1094 1562 1239 1644 Desuper
1255 1579 1274 1625 5
1287 1558 1427 1642 Spiritu

406 1644 489 1709 Olim
504 1645 573 1709 sisa
587 1645 620 1709 in
635 1645 781 1727 prophe
773 1665 800 1709 1s
1094 1643 1220 1710 Montes
1236 1645 1392 1710 scandens
1406 1646 1510 1726 agitat
1510 1663 1559 1725 55,

404 1728 520 1793 Ε5555
523 1729 659 1793 5555515
675 1728 812 1794 decretis
1093 1728 1242 1794 Nondum
1257 1738 1352 1794 natus
1366 1729 1550 1810 gratulatur

403 1811 536 1877 Patruus
551 1820 584 1877 et
598 1813 807 1895 praenuntiis.
1092 1811 1129 1876 In
1144 1811 1266 1878 Mariae
1283 1815 1382 1878 aditu.

638 1964 644 1977 ,
1044 1904 1073 1964 8.
1093 1896 1197 1962 Ι)555ι
1211 1898 1297 1979 parit
1310 1897 1404 1963 homo
1421 1902 1508 1978 5555,

348 1977 376 2033 2.
404 1964 492 2038 uuae
507 1984 526 2029 a
542 1970 663 2029 cunctis
682 1965 891 2045 collaudatur,
1091 1980 1220 2046 Patrem
1234 2000 1344 2046 verum
1360 1981 1438 2047 haec
1451 1981 1548 2047 beata

403 2047 484 2112 Noni
499 2049 621 2113 1155155
636 2048 803 2114 dedicatur
1091 2063 1167 2131 [1110
1182 2065 1303 2147 absque
1318 2066 1413 2131 vitjffl

402 2132 776 2231 Diosbaocaunabilisz·
1091 2151 1189 2230 Auro,
1204 2149 1335 2232 myrrha
1349 2156 1383 2216 55
1396 2149 1561 2232 probatur,

403 2214 504 2292 Quauu
520 2217 675 2297 profunde
692 2219 892 2284 admirantur
1090 2232 1197 2299 Thure
1214 2235 1301 2300 claro
1316 2240 1487 2300 veneratur

403 2299 511 2378 Terra,
528 2308 653 2382 pontus,
669 2309 702 2367 ct
717 2310 875 2368 novantur
1089 2318 1179 2382 Fidei
1194 2318 1297 2383 initio,

402 2384 450 2448 EX
466 2386 583 2450 Virtute
600 2385 751 2466 Virllinis.
1041 2407 1070 2470 9.
1090 2402 1209 2483 Regem
1225 2421 1355 2468 seruans
1370 2400 1524 2483 templum
1539 2400 1627 2465 vadit

1089 2486 1134 2551 Et
1148 2489 1338 2569 Aegyptum,
1353 2487 1408 2552 ubi
1424 2485 1511 2551 cudit

1089 2570 1253 2636 idolorum
1268 2571 1386 2636 scoria:

1089 2654 1194 2734 Redit
1210 2660 1286 2720 nato
1301 2672 1374 2719 mox
1389 2655 1533 2726 orbatur,

1088 2737 1248 2820 antialis
1265 2738 1447 2804 consolatur

1089 2822 1154 2888 Sua
1169 2821 1347 2889 clementia.

1021 2912 1068 2975 10.
1088 2909 1160 2974 Iesu
1175 2907 1284 2973 adstat
1298 2906 1456 2987 crucifixo,

1088 2993 1167 3057 Esse
1182 2993 1283 3058 scissa
1297 2993 1330 3057 in
1345 2990 1466 3057 confixo

1088 3076 1214 3141 Amoris
1229 3075 1418 3142 uisceribus:

1087 3161 1131 3225 Et
1145 3162 1349 3242 congaudens
1364 3158 1546 3240 resurgenti

1087 3243 1169 3309 Filio
1185 3251 1218 3310 55
1231 3245 1415 3310 ascendenti

1087 3327 1221 3409 Angelis
1236 3328 1454 3411 psallentibus

1018 3418 1067 3479 ll.
1086 3411 1138 3479 Sic
1152 3419 1339 3496 exspectans
1355 3410 1584 3509 repromissum

1087 3496 1241 3581 Spiritum
1256 3516 1276 3561 a
1292 3496 1388 3563 Patre
1402 3496 1534 3561 missum

1084 3518 1218 3647 Davidis
1234 3581 1420 3647 coenaculo:

343 3686 371 3745 5.
399 3677 474 3742 Sion
491 3678 617 3743 otheoc
635 3679 828 3761 colliguntur
1083 3666 1219 3731 Demum
1234 3670 1338 3732 mater
1351 3670 1442 3731 1111111
1455 3664 1589 3743 scandit·

397 3762 542 3827 Ploneet
528 3763 760 3844 treperiuntur
1084 3750 1194 3820 Nostri
1208 3747 1583 3833 memorprecespandit

396 3847 482 3912 Luco
498 3854 530 3911 55
544 3846 694 3911 hisoria:
1082 3833 1319 3902 Iesusuofilio

395 3930 456 3995 Per
471 3948 566 4010 quam
582 3937 676 3995 cunct
676 3950 687 3995 1
679 3931 896 4014 imbuuntur
1015 3919 1063 3987 12.
1083 3919 1165 3985 Nam
1181 3938 1214 3985 se
1230 3923 1365 3984 matrem
1380 3917 1442 3983 scit
1460 3917 1641 3982 amborum:

396 4014 620 4079 Credenteset
634 4014 808 4082 fulciuntur
1083 4002 1499 4098 sicsaluoemangelorum‚

395 4100 466 4164 blut
452 4099 511 4164 tris
526 4118 582 4181 per
597 4100 759 4165 miracula.
1083 4088 1253 4154 Permanet
1265 4093 1298 4152 et
1313 4088 1512 4164 miserorum,

1080 4173 1260 4254 Pauperurn
1275 4176 1309 4236 et
1323 4169 1537 4252 orphanorum

341 4258 367 4317 6.
394 4251 477 4316 Ecce
492 4251 581 4316 cuius
596 4251 758 4316 nurniutnr
1080 4255 1118 4320 In
1132 4255 1252 4320 mundo
1267 4254 1411 4320 uberius:

394 4337 522 4410 Portus,
538 4335 804 4401 obsanctificatur
1081 4336 1127 4403 Ut
1141 4345 1174 4405 et
1188 4339 1266 4422 ipsis
1281 4339 1337 4404 det
1350 4338 1498 4403 laborum

392 4420 506 4485 Matris
522 4419 648 4484 clausus
668 4427 772 4485 utero:
1079 4422 1198 4488 Loculo
1213 4442 1348 4505 regnum
1368 4423 1539 4500 coelorum,

392 4505 478 4569 Nata
493 4510 605 4568 sancta
619 4510 827 4571 conversatur
1080 4507 1123 4570 Et
1137 4508 1178 4573 ad
1193 4507 1286 4573 sedes
1301 4509 1476 4573 electorum

394 4587 870 4670 01555555551551,5555555555
1078 4590 1245 4656 Ducantnr
1259 4597 1292 4657 et
1306 4592 1475 4657 beatorum

392 4672 693 4737 DornusDeilllio.
1079 4675 1145 4741 Piis
1159 4678 1226 4741 suis
1242 4675 1397 4759 precibus.

406 4780 502 4838 Text.
538 4781 639 4837 Daniel
658 4781 701 4850 V‚·
712 4785 772 4838 331.
793 4799 860 4838 aas:
878 4783 1088 4857 Ecclesiologist
1105 4784 1134 4842 (1.
1153 4784 1235 4842 Febr.
1255 4786 1332 4841 1854.
1351 4801 1379 4857 p.
1398 4788 1442 4843 30.

348 2550 376 2608 3.
402 2535 493 2599 Hauc
508 2534 562 2598 lux
577 2553 653 2599 rora
667 2541 701 2599 et
716 2537 826 2619 sophia

401 2618 457 2683 Pie
472 2617 602 2684 firmans
617 2620 650 2683 in
667 2620 725 2684 bac
740 2621 793 2686 via

401 2702 597 2768 Lucenst
541 2723 581 2768 an
583 2709 615 2768 tc
631 2703 772 2768 saeculo:

400 2786 448 2851 De
463 2785 589 2867 555155
555 2806 628 2851 555
646 2789 789 2871 prophet
780 2806 822 2868 ra

399 2870 568 2937 Praedioat
554 2878 607 2937 555
625 2872 666 2937 ab
681 2871 753 2938 Elia

402 2956 507 3020 Parsa
521 2959 579 3022 sub
596 2957 763 3022 nubecula.

344 3119 374 3176 4.
400 3108 443 3171 Et
458 3125 539 3188 quae
553 3108 617 3172 istu
631 3109 674 3174 sit
688 3110 832 3191 praelata

399 3192 508 3257 Rebus
524 3200 618 3257 cunct
605 3194 656 3268 515
672 3199 832 3259 55555555

399 3277 498 3357 Virgo
513 3276 699 3346 ineflabilis:

399 3361 483 3425 Vero
498 3362 576 3425 baec
592 3370 641 3427 est
628 3367 793 3427 tnnater
772 3371 875 3445 grata,

399 3443 458 3508 Cui
473 3444 560 3509 nulla
575 3453 760 3526 comparata

398 3528 537 3593 Exstat
501 3533 561 3593 t1n
576 3530 760 3596 iuvenculis.

889 4957 1087 4975 Μ
