3975 5800
868 548 1101 613 ...340-

781 732 855 796 486.
895 727 995 796 Dea.
1016 726 1200 795 muoso.
1333 710 1337 719 ¹

343 869 370 929 l.
395 862 737 945 Hodiernaelnxdiei,
1072 860 1447 943 castitatisrireiertns,

396 947 541 1014 Celebris
553 950 705 1031 martyris
719 951 780 1016 Dei
1072 947 1524 1031 Inbemcarnisinexpertns,

397 1031 739 1100 Clareseitmemoria:
1072 1032 1263 1099 incendore
1276 1032 1468 1114 germinans

396 1116 827 1196 Decantentnrharmoniae,
1016 1119 1046 1177 4.
1072 1114 1464 1183 i'ioremrossmaritssit

396 1199 640 1266 Sonentcordis
654 1202 860 1285 symphoniae
1072 1198 1423 1283 Castitatiperioravit

396 1284 721 1369 LandetEnterpeia.
1072 1286 1152 1351 Eius
1167 1290 1281 1368 pectus
1295 1285 1425 1350 lanoee:

342 1370 371 1429 2.
397 1367 685 1452 iocundeturgens
700 1369 848 1451 bohema,
1072 1370 1157 1435 Rore
1170 1369 1251 1434 coeli
1267 1385 1342 1434 snos
1356 1367 1457 1451 parit,

396 1450 456 1517 (ini
471 1454 552 1519 coeli
567 1455 656 1520 misit
670 1455 757 1520 dona
1072 1452 1402 1534 QuemPrnsornrn
1416 1467 1601 1534 gensexpas

396 1534 519 1603 Christi
534 1538 753 1621 prouidentia:
1072 1538 1138 1603 Nec
1151 1536 1283 1603 admisit
1295 1534 1409 1603 ferrea

396 1620 529 1701 Praga
548 1621 870 1704 plaudatincorona,
1016 1622 1046 1682 5.
1072 1622 1167 1689 Salve
1180 1625 1313 1703 martyr,
1327 1619 1382 1702 qni
1396 1636 1564 1701 regressus

398 1702 501 1781 Quam
515 1704 734 1772 confeciterte
749 1706 835 1772 buna
1071 1704 1487 1786 APrussiatigisgreasus

398 1788 515 1854 Divina
529 1788 711 1873 prudentie.
1071 1789 1110 1855 In
1124 1786 1399 1855 tnaBohemia:

340 1871 372 1931 3.
397 1872 474 1939 Flos
488 1880 539 1939 est
553 1882 630 1940 tuus
644 1873 852 1949 adalbertus,
1072 1870 1459 1951 Advocatusindeiessns,

397 1955 496 2022 cuius
510 1958 664 2024 colorent
680 1963 828 2041 repertus
1072 1958 1134 2036 Sis,
1150 1953 1532 2035 utnobisescuniessns,

396 2040 554 2123 vendens,
569 2061 719 2118 vernans,
733 2043 932 2124 germinans:
1071 2040 1368 2108 incoelesticuria

409 2149 506 2205 Text.
542 2151 633 2207 Morel
651 2152 704 2208 No.
724 2154 785 2207 309.
803 2150 832 2206 S.
851 2153 913 2206 185.
932 2168 1001 2206 cas.-
1028 2150 1081 2206 Ha.
1101 2167 1138 2206 ss
1155 2151 1197 2206 St.
1217 2149 1319 2205 Galles
1342 2150 1396 2206 No.
1414 2150 1470 2205 546
1497 2143 1601 2216 (Brundi

340 2222 386 2277 lu.
404 2225 457 2276 304
476 2223 529 2277 mit
547 2223 597 2277 der
614 2222 744 2279 Melodte.
763 2254 798 2264 -
816 2222 918 2279 Daniel
936 2225 971 2292 V,
991 2223 1154 2292 tutotuto
1173 2223 1266 2277 ‹itcacr
1282 2220 1423 2290 Strouthos
1448 2222 1481 2275 ia
1498 2215 1601 2275 stante

342 2292 524 2350 weichcndem
540 2294 627 2349 Teate
645 2311 698 2350 css
717 2295 859 2350 wadum
874 2293 1083 2363 Hoodechrsfft:

347 2381 541 2438 l.Hodiernae
552 2382 601 2437 lux
620 2381 675 2437 diei
1018 2384 1043 2436 3.
1053 2381 1164 2439 Florem
1182 2397 1264 2438 rosae
1281 2382 1426 2437 maritavit

380 2453 505 2510 Celebris
522 2454 654 2523 martyris
673 2452 727 2507 Dei
1052 2453 1191 2521 castitati,
1210 2452 1275 2508 dnm
1293 2454 1414 2524 perlarit

378 2525 513 2581 clarescit
531 2523 676 2581 memoria:
1053 2526 1122 2580 Eius
1140 2532 1238 2594 peetus
1255 2525 1367 2580 lancea:

379 2596 570 2652 Decententur
587 2595 760 2663 harmoniae,
1052 2598 1129 2653 Rore
1146 2595 1218 2651 coeli
1236 2613 1302 2652 snos
1319 2597 1406 2667 parit,

380 2668 488 2723 Sonent
504 2667 596 2724 cordis
615 2666 804 2736 symphoniae,
1054 2668 1143 2735 Quem
1162 2668 1329 2724 Prussornrn
1347 2683 1416 2737 gens
1434 2666 1590 2739 promat,

379 2736 545 2794 Recitantur
563 2739 682 2794 cantion.
1053 2740 1113 2794 Nec
1131 2739 1244 2794 admisit
1261 2740 1362 2795 ferrea

345 2813 372 2867 2.
382 2810 466 2867 Plebs
483 2810 609 2865 Boherna
626 2807 802 2878 incendatur,
1018 2810 1134 2866 &Salus
1152 2817 1259 2881 martyr
1277 2817 1420 2882 enromte,

380 2880 551 2939 Adalbertus
569 2881 614 2937 eoi
632 2880 715 2937 datur
1054 2880 1216 2952 Adalberte‚
1234 2881 1276 2938 vir
1293 2882 1384 2953 beate,

380 2953 447 3010 Flos
466 2960 498 3009 nt
516 2961 612 3011 sancte
649 2952 802 3022 erminans:
1054 2953 1129 3009 Audi
1147 2960 1245 3010 nostra
1264 2955 1385 3009 cautim

382 3025 529 3082 eastitatis
546 3025 574 3079 vi
592 3041 607 3080 r
635 3032 722 3092 artus,
1055 3023 1216 3081 advocatus
1234 3025 1390 3082 indefessus

382 3096 486 3153 Labern
505 3096 596 3152 carnis
614 3098 787 3166 inexpertus,
1055 3097 1134 3151 Tuae
1151 3097 1226 3167 plebi
1246 3098 1285 3153 sis
1302 3109 1455 3154 concessus

383 3168 415 3223 In
433 3167 555 3225 candore
575 3168 703 3224 rutilans.
1055 3168 1089 3223 In
1107 3168 1222 3223 coelesti
1240 3168 1325 3225 curia

741 3439 813 3501 487.
856 3432 909 3500 De
929 3455 954 3500 a.
976 3435 1110 3519 Aeoidio
1131 3437 1248 3503 atich.

412 3553 501 3624 (Geat.
520 3554 565 3610 ola
582 3553 640 3610 Aba
658 3569 695 3609 aa
713 3552 803 3608 Gtites
820 3555 853 3609 io
870 3552 1052 3612 Fraokreich
1069 3558 1110 3612 ios
1127 3556 1156 3612 J.
1176 3560 1237 3625 700,
1256 3557 1366 3612 ocrelsrt
1385 3572 1432 3611 ost
1450 3559 1476 3610 1.
1494 3554 1578 3623 Sept.)

328 3675 334 3691 '
366 3689 392 3747 l.
426 3676 517 3743 Sicut
529 3692 639 3759 passer
653 3674 817 3744 solitarios
831 3675 865 3742 in
879 3679 974 3758 tecto,

428 3759 481 3827 Sic
494 3759 543 3825 vir
557 3758 710 3841 reginus
724 3758 859 3842 pervigil
873 3760 907 3826 in
922 3760 1061 3828 Christo,

364 3851 394 3911 2.
425 3844 642 3927 Requiescens
656 3843 750 3925 quasi
766 3842 816 3909 leo
831 3860 902 3910 curn
916 3843 999 3912 Iuda
1012 3846 1172 3927 accubuit,

426 3930 510 3994 Dum
524 3926 647 4009 pullum
662 3944 754 3992 suum
770 3926 812 3992 ad
827 3928 949 3995 vinemn
964 3929 1066 4011 ligare
1081 3930 1215 3998 studuit.

364 4019 393 4078 3.
427 4010 473 4077 Ut
488 4010 612 4076 catulus
627 4010 728 4077 leonis
743 4012 934 4079 ascenderat
948 4013 990 4080 ad
1005 4014 1158 4096 praedam

426 4095 571 4176 Alligans
584 4093 626 4160 sd
640 4094 737 4161 vitem
752 4096 875 4161 asinam
890 4115 992 4163 suam.

363 4185 391 4246 4.
426 4179 505 4246 Cum
519 4196 577 4262 per
590 4178 742 4244 virtutem
756 4180 877 4245 scalam
891 4178 1011 4247 Sorech
1026 4199 1183 4264 quaerens
1198 4182 1320 4249 vineam

427 4263 469 4329 Se
483 4280 635 4344 suamque
649 4260 777 4329 Christo
793 4263 941 4331 iunxerat
954 4283 1114 4349 sponsam.

363 4352 392 4415 5.
425 4347 486 4414 Hie
499 4347 647 4413 inventus
662 4346 730 4412 sine
743 4349 870 4414 macula

424 4431 492 4498 Nee
506 4431 646 4513 speravit
660 4430 692 4495 in
707 4430 868 4498 thesauris
882 4439 916 4500 et
930 4433 1076 4516 pecunia.

362 4519 392 4583 6.
424 4514 474 4582 Ne
488 4513 549 4581 sibi
563 4513 690 4581 coluber
703 4514 737 4580 in
751 4516 812 4598 via,
1093 4523 1097 4536 ·

425 4599 493 4666 Nec
507 4602 646 4665 cerastes
659 4616 774 4665 nocere
788 4604 897 4683 posset
910 4600 944 4666 in
959 4602 1083 4670 semita.

364 4688 391 4749 7.
424 4681 484 4749 Cui
497 4701 555 4765 per
569 4688 698 4750 sanetae
713 4683 868 4751 trinitatis
883 4683 1056 4752 efficaciam

425 4765 568 4834 Contulit
581 4773 706 4835 tantam
720 4767 808 4835 Deus
821 4770 1009 4835 meritorum
1028 4771 1174 4854 gratiam,

364 4855 393 4917 8.
428 4849 473 4916 Ut
487 4850 713 4918 miraculorum
728 4869 897 4920 coruscans
912 4851 1085 4922 nouubus

425 4934 553 5001 Misenis
567 4936 745 5021 peripsum
760 4937 946 5007 subveniret
957 4938 1116 5022 pluribus.
