3975 5800
873 561 1106 625 —352-

745 746 816 807 505.
859 741 912 809 De
931 740 1041 809 suado
1063 741 1254 825 Aupawtiao.

367 883 393 943 1.
417 875 563 943 Laudent
576 882 609 943 te
625 875 832 958 confessores,
854 878 999 957 Domine,
1022 895 1156 961 quonum
1176 881 1213 943 ut
1234 878 1401 945 doctrinae
1417 875 1465 943 sic
1481 876 1583 944 socius
1595 882 1634 945 est

498 967 532 1027 ot
545 961 667 1041 gloriae
683 980 774 1028 sacer
787 962 999 1042 Augustinus,
1015 961 1096 1028 testo
1111 964 1202 1027 cuius
1217 962 1277 1028 tibi
1291 961 1472 1045 psallimus,

365 1048 394 1108 2.
417 1046 532 1111 Merito
546 1063 641 1125 quem
655 1047 786 1111 ueniens
799 1048 958 1113 inveneris
973 1064 1036 1111 uon
1052 1046 1269 1126 dormientem,
1287 1044 1342 1111 sed
1358 1048 1595 1129 exspectantem

364 1138 392 1197 3.
415 1131 586 1195 Dominum
601 1136 645 1207 te,
661 1131 767 1196 dubiis
782 1149 845 1195 non
860 1132 993 1197 dubium
1008 1130 1041 1195 in
1057 1130 1184 1211 vigiliis,
1201 1128 1346 1195 omnibus
1361 1130 1463 1211 horis,

364 1220 393 1277 4.
416 1214 590 1279 Occurrere
613 1222 776 1296 paratum,
803 1233 874 1280 curn
894 1217 983 1280 lucro
997 1220 1215 1297 reportantem
1230 1212 1290 1279 sibi
1305 1214 1466 1279 creditum
1483 1210 1633 1279 talentum

363 1302 392 1361 5.
416 1298 476 1362 liic
491 1316 604 1363 servus
618 1303 669 1364 est
682 1300 797 1377 fidelis,
813 1300 969 1365 servando
984 1317 1068 1381 quae
1082 1298 1198 1364 dedisti
1214 1304 1248 1363 et
1262 1297 1404 1381 prudens
1420 1294 1634 1379 dispensando.

363 1386 392 1446 6.
416 1382 573 1447 Omnibus
588 1383 695 1448 omnia
709 1383 813 1449 iactus
828 1390 864 1449 ut
878 1384 1053 1466 apostolus,
1074 1382 1219 1448 nutriens
1234 1388 1360 1447 teneros
1375 1382 1471 1463 lacta
1490 1380 1561 1449 cibo
1574 1380 1634 1447 soli-

493 1467 560 1546 dos,
582 1465 722 1533 familiae
736 1468 856 1533 domini
870 1466 1012 1549 praefuit
1027 1471 1063 1532 nt
1076 1467 1231 1547 minister,
1254 1466 1459 1533 commissam
1484 1464 1634 1531 iorensnt
1674 1516 1675 1523 1

365 1640 393 1698 7.
416 1554 652 1701 Νοηυ1ῗεῗῖἐαηε
673 1635 835 1701 dominum
855 1654 890 1701 se
910 1634 979 1701 iore
1002 1635 1236 1715 subiectorum,
1262 1634 1318 1699 sed
1343 1652 1478 1701 servum
1500 1634 1561 1701 Dei
1581 1650 1634 1699 aar·

363 1806 392 1869 8.
416 1738 613 1869 Nouffi’
623 1803 785 1871 subiectus
807 1804 976 1871 haereticis
991 1822 1030 1870 aa
1044 1804 1201 1886 perversis
1216 1804 1443 1886 impugnantes
1461 1816 1634 1885 expugnem

490 1888 585 1967 iuste,
601 1888 756 1954 damnans
771 1896 828 1955 aut
844 1889 1017 1969 corrigens.

364 1974 393 2035 9.
416 1970 478 2037 Hic
491 1972 566 2070 Deo
576 1972 721 2053 dilectus
743 1974 785 2040 ab
804 1972 985 2039 bominibus
1000 1971 1129 2053 electus,
1152 1972 1242 2037 cuius
1265 1971 1421 2037 memoria
1437 1970 1539 2037 estin
1555 1973 1634 2037 bono·

344 2143 392 2206 10.
414 2056 756 2239 Queglffttffinf'ontiieu
770 2159 923 2223 sunrmus,
950 2139 1134 2225 pontificem
1151 2139 1286 2207 collocas
1299 2140 1333 2205 iu
1348 2139 1439 2205 coelo
1455 2156 1530 2204 cum
1544 2134 1633 2221 ponti·

344 2313 393 2372 11.
416 2224 639 2390 Βυρὲοὲἰιιιιὲἰα
653 2311 746 2389 bona,
761 2328 843 2390 quae
857 2309 1004 2390 possides
1020 2309 1156 2387 domine,
1171 2313 1333 2391 potentem
1348 2308 1381 2373 iu
1399 2326 1501 2390 regno
1515 2304 1631 2391 gloriae,

344 2397 392 2457 12.
415 2391 479 2457 Ubi
494 2412 569 2459 vera
582 2394 702 2475 gaudia
716 2394 785 2460 sine
800 2392 862 2459 fine
877 2398 953 2459 sunt
968 2394 1199 2476 permanentia,

344 2480 391 2540 13.
415 2476 476 2541 Pro
490 2478 608 2559 quibus
623 2480 805 2559 praesentia
820 2478 941 2561 sprevit
954 2477 1075 2559 gaudia
1092 2477 1287 2543 transitoria.

344 2564 392 2624 14.
414 2560 476 2625 Hic
491 2561 560 2629 sola
573 2579 668 2627 carne
682 2563 807 2651 positus
821 2562 862 2628 ad
878 2568 910 2627 tc
925 2568 994 2629 toto
1009 2569 1137 2643 pectore
1153 2578 1338 2644 suspensus,

343 2648 392 2708 15.
414 2644 582 2726 Castigans
595 2663 721 2729 corpus,
737 2647 865 2713 extendi
880 2652 1006 2712 certans
1020 2648 1053 2711 in
1069 2644 1251 2712 libertatem
1267 2644 1412 2727 spiritus.

344 2732 391 2792 16.
414 2728 513 2877 Quodl
531 2730 624 2878 offla
649 2729 700 2795 hie
725 2730 873 2796 desumus
897 2736 1041 2797 resumet
1068 2748 1240 2812 resurgens
1261 2728 1294 2795 in
1314 2729 1367 2795 die
1388 2726 1503 2795 iudicii
1525 2742 1628 2795 corona

343 2902 392 2961 17.
414 2833 574 2980 11111111ιὲ11]
589 2864 647 2963 nos
662 2905 707 2974 tu,
722 2897 859 2981 Christe,
876 2918 1041 2983 praepara,
1060 2901 1110 2966 cui
1126 2901 1229 2982 gloria
1243 2900 1286 2965 sit
1300 2905 1443 2965 aeterna.

413 3005 508 3062 Text.
544 3007 636 3062 Morel
662 3008 715 3062 No.
736 3010 796 3062 aab.
823 3009 852 3064 S.
870 3013 932 3062 201.
960 3027 1029 3064 uus:
1056 3008 1108 3062 He.
1134 3024 1187 3063 vora
1212 3008 1346 3064 Bbcinau
1371 3008 1425 3063 No.
1444 3008 1490 3062 55.
1516 3004 1563 3059 Bt.
1579 3005 1630 3058 13&

341 3079 385 3202 ff.
402 3076 503 3202 «llam
540 3079 645 3150 „Dieuc
672 3081 796 3149 Sepraeua
821 3081 929 3136 sebeint
955 3083 1032 3135 einer
1059 3081 1151 3136 (ittera
1171 3079 1294 3135 Melodic
1318 3083 1472 3151 arrpapusat
1500 3093 1537 3134 su
1553 3075 1630 3132 aaut

373 3164 440 3204 ore.

784 3471 855 3532 506.
899 3468 949 3534 De
968 3487 994 3533 s.
1017 3466 1208 3550 Arcpastiuo.

345 3601 372 3660 1.
398 3596 446 3660 De
462 3597 628 3679 profundis
644 3599 849 3665 tenebrarum
1072 3598 1273 3667 Obtumesoit
1287 3599 1495 3676 Fortunatus,

399 3680 520 3745 Mundo
536 3681 642 3746 lumen
658 3683 722 3747 exit
738 3684 858 3749 clarum
1074 3684 1199 3750 Cedunt
1214 3683 1327 3748 Manes
1343 3687 1376 3746 et
1390 3680 1538 3748 Donatus

397 3765 441 3828 Et
455 3765 609 3830 scintillat
624 3766 736 3831 hodie:
1071 3769 1194 3834 Tantae
1209 3767 1290 3833 lucis
1305 3766 1406 3832 radio.

399 3847 482 3913 Olim
497 3848 627 3931 quidem
642 3869 698 3915 vas
713 3851 841 3932 erroris,

398 3933 598 4014 Augustinus
613 3951 669 3998 vas
683 3933 813 4001 honoris
1017 3942 1045 4003 4.
1069 3937 1208 4001 Mundus
1222 3953 1366 4001 marcens
1381 3937 1415 3998 et
1428 3933 1533 4001 inanis

398 4016 502 4081 Datus
517 4021 566 4081 est
581 4018 743 4084 ecelesiae.
1072 4021 1115 4086 Et
1130 4020 1282 4086 doctrinis
1297 4019 1410 4084 doetus
1426 4018 1515 4083 vanis

1071 4104 1133 4170 Per
1147 4110 1271 4187 pestem
1287 4102 1500 4168 haereticam:

341 4188 370 4248 2.
398 4184 504 4248 Verbo
519 4185 579 4249 Dei
595 4185 669 4250 dum
684 4187 803 4265 obedit,
1071 4189 1210 4255 Multum
1226 4188 1330 4270 coepit
1344 4187 1482 4251 ferretum
1497 4183 1589 4265 serre,

398 4269 631 4335 Crediterrans
647 4271 818 4337 etaceedit
1072 4274 1156 4337 Dum
1172 4271 1398 4338 intinesorbis
1414 4275 1520 4336 terrae

398 4354 448 4418 Ad
464 4353 615 4435 baptismi
631 4357 785 4437 gratiam:
1071 4358 1182 4422 Fidem
1197 4357 1313 4439 sparsit
1327 4357 1463 4420 iunicum.

398 4436 500 4514 Quam
515 4439 547 4502 in
563 4439 675 4520 primis
691 4441 851 4518 tuebatur,

398 4521 524 4601 Verbis,
540 4524 668 4605 scriptis
684 4530 851 4589 execratur
1015 4531 1043 4592 5.
1070 4524 1234 4591 clericalis
1250 4524 1335 4591 vitae
1350 4521 1485 4589 formam

397 4603 710 4675 Errorisfauaciam.
1070 4608 1309 4691 conquadravit
1323 4609 1413 4674 iuxta
1427 4623 1572 4672 normam

1071 4694 1187 4760 Coetus
1202 4693 1384 4775 apostolici:

342 4779 372 4840 3.
398 4773 544 4841 Firmans
558 4775 662 4856 fidem,
678 4776 819 4844 formans
830 4787 945 4854 rubros,
1071 4778 1126 4844 Sui
1141 4779 1258 4861 quippe
1274 4778 1318 4843 uil
1332 4776 1496 4842 habebant

396 4857 492 4938 Legis
507 4877 618 4927 sacrae
632 4880 836 4942 perversores
1070 4863 1235 4943 Tanquam
1249 4879 1351 4935 suum,
1377 4861 1434 4926 sed
1455 4859 1636 4928 dividebant

397 4942 496 5009 Verbi
513 4951 605 5011 necat
618 4946 743 5029 gladio:
1069 4945 1418 5013 Incommuneclerici.
