3975 5800
880 599 1111 664 -313-

345 781 375 842 2.
401 779 509 845 Vitam
525 779 660 862 perdens
676 780 875 844 conservavit

401 862 439 927 lu
454 863 656 942 boemundo,
672 880 730 928 uec
744 865 893 943 servavit,

402 947 450 1012 Ne
466 952 627 1013 servatam
642 947 806 1029 perderet:

402 1031 560 1096 Vitiorum
576 1031 791 1113 triumphator

401 1115 515 1180 Mortis
530 1114 633 1181 lactus
648 1121 697 1181 est
712 1122 845 1193 amator,

403 1197 448 1263 Ut
463 1219 520 1281 per
534 1205 669 1263 mortem
685 1199 837 1263 vinceret.

345 1282 374 1341 3.
401 1282 539 1349 Calicem
555 1284 704 1349 tormenti
722 1284 844 1361 bibone,

402 1365 500 1443 Quem
518 1368 685 1438 damnasti,
710 1365 845 1445 Christe,
867 1366 970 1432 libens

401 1450 463 1516 Per
477 1456 510 1515 te
525 1452 623 1516 vitam
638 1450 794 1516 reddidit:

401 1534 504 1600 Corde
520 1536 579 1600 tibi
594 1536 773 1617 mancipata

401 1618 602 1700 corporeque
617 1619 786 1700 subiugata

402 1702 508 1768 Vitam
524 1702 753 1784 superaddidit.

1018 785 1047 844 4.
1074 781 1193 846 Mundo
1208 799 1336 847 caruem
1350 782 1444 863 liquit
1458 780 1578 855 loenus,

1073 864 1261 930 Sanctitatis
1277 883 1373 931 seusu
1390 866 1512 947 plenus,

1074 949 1139 1015 Neo
1154 949 1247 1014 buius
1266 969 1323 1030 spo
1338 950 1493 1014 trahitur:

1073 1033 1156 1097 Hinc
1172 1034 1360 1114 linquuntur
1376 1034 1536 1114 universa,

1074 1116 1127 1181 Nil
1143 1135 1290 1199 possesso
1306 1118 1350 1181 nil
1366 1117 1494 1182 detersa

1076 1199 1139 1281 Spe
1155 1199 1282 1265 fruendi
1299 1202 1425 1265 vivitur.

1019 1284 1047 1342 5.
1074 1283 1199 1365 Martyr
1215 1302 1272 1368 pro
1288 1303 1351 1366 quc
1367 1284 1546 1363 decertasti,

1074 1367 1116 1431 Et
1131 1386 1192 1448 quo
1209 1369 1288 1432 dirce
1304 1369 1519 1449 triumphasti,

1074 1451 1173 1516 Nobis
1190 1453 1281 1534 placa
1296 1454 1459 1535 precibus:

1075 1534 1121 1599 Ut
1136 1544 1320 1602 transcurso
1336 1539 1420 1601 vitae
1437 1539 1516 1602 inrui

1073 1620 1255 1684 Moroamur
1270 1621 1419 1685 collocari

1074 1704 1179 1769 Sacris
1195 1705 1275 1769 coeli
1292 1706 1431 1769 aedibus.

416 1810 508 1867 Text.
544 1812 642 1867 Daniel
670 1811 704 1874 V,
724 1814 784 1866 338.
813 1811 924 1867 oblias.
943 1809 1112 1880 Upsalieusi.
1142 1814 1243 1883 (1513),
1272 1811 1484 1882 Ecclesiolngist
1511 1812 1567 1867 Cll.
1589 1813 1645 1866 lun.

346 1885 424 1938 rear.
443 1900 470 1953 p.
493 1887 550 1938 162.

786 2129 858 2189 440.
902 2123 955 2188 Do
975 2144 1039 2188 uno
1061 2129 1210 2206 rreumprc.

346 2260 374 2323 l.
401 2254 518 2321 illontia
533 2256 604 2338 piac

398 2340 555 2422 Propulso
571 2341 680 2406 nubilo

336 2460 339 2465 ·
399 2424 573 2489 Armeniae

401 2506 515 2573 Cordis
530 2509 563 2573 in
577 2509 675 2574 iubilo

400 2592 664 2674 Prorumpantur,

400 2676 608 2742 Hierarchiao

401 2761 558 2825 Nimirum
575 2762 693 2842 galidia

399 2845 542 2927 Ageriae

400 2928 580 3011 Martyrum
595 2931 698 3010 glciria

401 3013 620 3079 Cumulautur.

341 3095 372 3156 2.
399 3097 583 3163 Rubricatis

401 3182 508 3248 Armis
523 3182 683 3265 conspicui

402 3266 568 3347 Superatis

401 3350 558 3415 Hostibus
573 3350 695 3414 strenui

401 3434 580 3499 Bellatores

401 3517 457 3583 Sui
474 3535 584 3583 cursus

402 3602 552 3667 Gaudent
566 3602 708 3678 victoria,

400 3685 464 3752 Sed
480 3687 551 3767 plus
568 3704 679 3751 rursus

402 3770 482 3836 Cum
497 3772 558 3835 iam
575 3771 607 3835 in
626 3769 730 3851 gloria

401 3853 483 3920 Sunt
498 3855 645 3919 victores.

415 3960 510 4017 Text.
546 3963 624 4018 illias.
645 3962 723 4017 fratr.
743 3962 830 4018 Paris.
853 3964 929 4017 1520.

991 2257 995 2337 l
1017 2261 1045 2320 3.
1071 2257 1109 2321 lu
1126 2256 1293 2322 tormentis

992 2340 994 2345 '
1073 2340 1187 2406 Puncti
1202 2339 1382 2418 crudeliter,

1072 2424 1302 2489 Blaudinrontis

992 2516 995 2567 l
1074 2507 1170 2573 Uncti
1186 2527 1268 2572 nunc
1287 2508 1403 2572 leniter·

992 2570 995 2697 ι
1074 2592 1307 2657 Gaiidentrite.

858 2708 863 2719 ·
992 2700 995 2756 ι
1073 2676 1155 2740 Nam
1172 2677 1279 2741 dilecti

993 2774 995 2849 ζ
1074 2761 1306 2840 Regispalatin

993 2858 996 2940 j
1074 2844 1156 2909 Sunt
1173 2843 1308 2926 pirnteoli

993 2945 996 3018 p
1075 2928 1189 3012 Spreta
1206 2928 1319 2993 solatia

994 3025 996 3096 ῑ
1074 3013 1295 3077 Brevisvitao.

1018 3096 1049 3155 4·
1075 3097 1134 3161 His
1151 3096 1298 3174 coniungi

994 3179 997 3222 ⁵
1075 3178 1361 3261 Martyregrogina

994 3269 997 3290 ²
1075 3265 1154 3329 Vult
1168 3271 1200 3327 et
1215 3264 1323 3343 pungi.

1075 3349 1201 3428 Regnat
1216 3354 1252 3410 ut
1267 3346 1371 3409 socius

993 3445 996 3498 ὲ
1075 3431 1170 3497 Teste
1185 3449 1269 3502 noce,

993 3555 996 3604 ἶ
1074 3516 1190 3581 Hacin
1206 3515 1257 3579 die

1075 3599 1174 3665 Nobis
1189 3597 1350 3680 propicius

1076 3682 1125 3749 Sit
1140 3683 1262 3749 Mariae

993 3807 997 3820 ·
1075 3769 1217 3834 Dilectus
1233 3765 1317 3830 lilius

994 3897 997 3902 «
1076 3851 1142 3917 Sua
1156 3870 1257 3934 preco.
1292 3852 1402 3913 durren.

784 4257 855 4317 441.
898 4250 951 4316 Dc
972 4271 1036 4316 arao
1058 4254 1206 4332 errranpre.

343 4392 372 4451 l.
399 4386 468 4450 dre
483 4383 573 4450 miles
588 4387 704 4467 regiae,

399 4467 540 4534 Militum
576 4470 758 4549 raesidium,

401 4549 540 4619 Consors
554 4490 660 4620 factus
675 4554 796 4635 gloriae

399 4635 496 4702 Coelo
510 4638 726 4704 militantium.

344 4724 374 4785 2.
399 4717 449 4786 Tu
462 4730 592 4789 nostrae
607 4722 740 4787 militiae

399 4802 502 4871 Tutor
516 4811 549 4872 et
563 4805 730 4889 retugium,

398 4885 564 4956 Praesenti
578 4888 719 4957 familiae

400 4971 451 5043 Sis
464 4974 498 5042 in
513 4973 718 5043 adiutorium.

1018 4393 1045 4452 3.
1072 4383 1166 4448 Miles
1180 4380 1397 4456 excellentiae,

1073 4465 1200 4548 Clipeus
1215 4465 1377 4542 ecelesiae,

1072 4549 1266 4616 Prudentiae
1281 4549 1454 4631 speculum,

1072 4633 1157 4699 Fons
1173 4633 1274 4699 omnis
1288 4631 1484 4710 olomontiac,

1071 4717 1188 4783 lilium
1204 4716 1392 4793 mundiciae,

1071 4800 1260 4869 Sanctitatis
1276 4799 1450 4867 vasculum.
