3975 5800
896 668 1125 731 -172-

663 846 734 910 219.
778 842 820 910 ln
840 847 921 920 festo
937 846 1178 932 purificationis
1199 846 1227 914 b.
1250 846 1300 916 Μ.
1322 869 1351 914 o.

737 962 853 1031 (Auctor
871 969 915 1017 est
932 963 1022 1019 Adam
1041 965 1076 1019 de
1098 966 1124 1021 S.
1144 963 1277 1034 Victore.)

358 1090 385 1149 1.
410 1083 480 1148 Lnx
493 1079 624 1148 advenit
641 1084 831 1164 veneranda,

409 1167 480 1232 Lux
493 1167 526 1232 in
541 1167 646 1232 choris
660 1167 825 1234 iubilanda

408 1251 590 1317 Lumiuosia
606 1251 771 1318 cordibus:

409 1335 514 1402 Huius
529 1336 616 1401 laeta
629 1337 684 1401 lux
698 1336 760 1401 diei

409 1419 540 1485 Festum
555 1418 654 1484 refert
668 1420 782 1486 Matris
799 1420 857 1485 liei

410 1504 630 1570 bedicendum
645 1503 805 1570 laudibus.

352 1593 381 1653 2.
410 1587 480 1654 Vox
494 1589 618 1653 exultet
631 1587 806 1669 modulata,

406 1671 499 1737 Meus
514 1672 652 1737 resultet
666 1672 851 1751 medullata,

408 1754 456 1821 Ne
470 1757 514 1821 ait
528 1756 600 1822 laus
615 1756 753 1821 inutilis:

408 1837 461 1904 Sic
474 1840 545 1907 laus
560 1841 629 1906 Deo
645 1840 842 1920 decantetur,

407 1921 499 1990 Utin
514 1942 552 1990 eo
566 1924 765 1990 collaudetur

406 2005 512 2073 Mater
526 2008 594 2075 eius
608 2008 733 2075 nobilis.

350 2092 381 2155 3.
407 2090 557 2159 Gloriosa
571 2092 738 2175 dignitate,

407 2175 577 2244 viscerosa
592 2178 720 2259 pictate,

407 2259 636 2343 compunctiva
651 2262 793 2327 nomine:

406 2342 485 2410 Cum
500 2344 621 2410 honore
635 2345 814 2426 matronali,

405 2428 486 2494 Onm
500 2429 624 2513 pudore
638 2428 787 2512 virginali

405 2510 496 2579 Nitet
509 2513 590 2579 coeli
604 2514 743 2580 cardine.

347 2599 377 2658 4.
404 2595 517 2663 Rubus
531 2597 693 2679 quondam
707 2597 893 2678 exardebat,

402 2680 448 2747 Et
461 2681 545 2747 hunc
559 2681 657 2748 ardor
671 2700 734 2748 non
748 2680 871 2759 urebat,

404 2765 470 2832 Nec
485 2767 622 2831 virorem
637 2766 762 2832 nocuit:

405 2851 458 2919 Sic
472 2850 590 2917 ardore
603 2850 749 2934 spiritali,

404 2935 477 3002 Non
492 2954 512 3001 a
525 2940 614 3001 tactu
629 2935 789 3018 coniugali

404 3020 504 3102 Virgo
517 3019 621 3086 Deum
635 3021 755 3102 genuit.

346 3103 376 3165 o.
401 3104 493 3171 Haec
508 3109 558 3170 est
573 3103 628 3170 ille
642 3101 714 3171 fons
730 3104 887 3186 signatus,
920 3080 923 3084 ἢ

401 3189 524 3256 Hortus
537 3188 675 3269 clausus,
691 3186 900 3256 foecundatus

403 3274 569 3341 Virtutum
583 3273 776 3341 seminibus:

403 3359 492 3432 llaec
506 3364 556 3425 est
570 3358 627 3425 illa
641 3365 736 3441 porta
750 3358 868 3437 clauaa,

404 3443 507 3522 Quum
520 3442 642 3509 latente
656 3443 744 3508 Deus
759 3460 857 3509 causa

404 3528 572 3594 Clauserat
586 3527 778 3593 hominibus.

342 3622 373 3683 9.
402 3612 491 3678 Haec
506 3616 557 3677 est
569 3609 671 3677 vellus
686 3617 829 3677 tractans
845 3627 960 3691 rorem,

400 3694 537 3762 Plenum
550 3712 630 3777 ager
642 3695 724 3761 dans
739 3694 870 3759 odorem

400 3778 532 3847 Cunctis
548 3786 653 3845 terrae
666 3777 799 3846 finibus:

1087 1086 1174 1153 Haec
1187 1093 1238 1152 eat
1253 1087 1344 1169 virga
1357 1087 1461 1154 lerens
1476 1051 1601 1170 liorem,

1085 1169 1186 1236 Terra
1199 1187 1292 1237 sunm
1307 1171 1499 1239 salvatorem

1086 1254 1276 1321 Germinans
1290 1255 1449 1323 fidelibus.

1030 1342 1058 1401 7.
1084 1338 1172 1405 Η999
1186 1345 1237 1405 est
1251 1340 1337 1405 dicta
1352 1358 1412 1422 per
1425 1342 1620 1425 exennium,

1085 1423 1187 1501 Mons,
1201 1424 1378 1499 castellum,
1393 1425 1478 1506 aula,
1494 1427 1661 1511 templum,

1083 1504 1254 1572 Thalamus
1268 1513 1302 1573 et
1316 1509 1445 1575 civitas:

1084 1589 1137 1656 Sic
1152 1591 1255 1656 eidem
1269 1591 1406 1659 aliorum
1501 1624 1505 1631 ·

1084 1676 1274 1756 assignetur
1291 1676 1465 1742 electorum

1083 1758 1228 1825 Nominis
1244 1760 1434 1829 sublimitas.

1026 1843 1056 1904 8.
1083 1841 1180 1909 Cuius
1194 1861 1316 1925 preces,
1332 1844 1420 1926 vitia,

1083 1926 1182 1992 (luins
1199 1946 1322 2007 nomeu,
1337 1930 1455 2010 tristia,

1081 2008 1180 2077 Cuius
1196 2011 1284 2092 odor,
1299 2011 1377 2091 lilia,

1082 2092 1180 2160 Cuius
1195 2096 1326 2161 vincunt
1339 2095 1427 2162 labia

1081 2178 1203 2246 Favum
1216 2179 1251 2244 in
1269 2180 1453 2247 dulcedine:

1080 2260 1184 2345 Super
1198 2263 1306 2328 vinum
1320 2263 1443 2347 sapida,

1081 2347 1183 2430 Super
1197 2348 1303 2413 nivem
1318 2349 1464 2429 candida,

1080 2429 1184 2514 Super
1198 2449 1305 2498 rosam
1319 2431 1455 2514 roscida,

1079 2514 1184 2599 Super
1198 2515 1307 2581 lunam
1322 2515 1428 2582 lucida

1079 2600 1155 2667 Veri
1170 2600 1248 2666 solis
1262 2600 1391 2667 lumine.

1023 2681 1053 2743 9.
1078 2683 1270 2767 Imperatrix
1284 2702 1323 2750 sn
1364 2702 1506 2763 morum,

1079 2766 1294 2850 Superatrixi
1330 2787 1489 2850 ernornm,

1079 2851 1236 2936 Eligenda
1251 2853 1303 2919 via
1319 2853 1409 2935 coeli,

1079 2937 1260 3004 Retinema
1273 2955 1332 3020 spe
1345 2937 1443 3018 fideli,

1079 3020 1251 3105 Separatoa
1264 3039 1285 3087 a
1299 3026 1332 3088 te
1346 3022 1452 3106 longe,

1080 3106 1257 3172 Revocatos
1271 3105 1315 3172 ad
1328 3111 1361 3171 te
1376 3106 1472 3188 iunge

1078 3188 1218 3255 Tuornm
1232 3190 1364 3272 allegio:

1078 3273 1183 3340 Mater
1197 3276 1289 3354 bona,
1305 3291 1402 3356 qnam
1415 3291 1577 3356 rogamus,

1077 3356 1177 3423 Nobis
1192 3359 1275 3425 dona
1289 3357 1376 3440 quod
1390 3364 1554 3440 optamus:

1076 3440 1143 3508 Nec
1156 3442 1202 3508 sic
1216 3460 1348 3527 spernas
1362 3450 1557 3526 peccatores,

1078 3523 1123 3592 Ut
1137 3543 1201 3591 non
1214 3544 1326 3593 cernas
1340 3531 1533 3609 precatores,

1076 3610 1161 3677 Reos
1174 3609 1234 3677 sibi
1250 3609 1437 3693 diffidentes,

1076 3693 1161 3762 Tuos
1175 3696 1236 3762 tibi
1250 3694 1453 3777 confidentes,

1077 3777 1146 3846 Tuo
1160 3780 1238 3846 siste
1252 3779 1343 3846 libo.
1373 3782 1484 3845 Amen.

415 3906 441 3946 9.
461 3886 557 3944 Text.
594 3887 673 3944 Nisa.
691 3886 770 3943 fratr.
789 3885 878 3942 Paria.
898 3888 967 3942 loeo
985 3887 1041 3956 (A).
1066 3916 1101 3928 -
1124 3887 1213 3943 Neela
1237 3904 1264 3958 p.
1285 3891 1345 3944 107.
1363 3901 1379 3942 9
1396 3886 1540 3943 Breviario
1557 3883 1646 3941 Redo-

342 3964 424 4023 nanai
443 3959 494 4034 (B).
522 3988 556 4003 -
583 3958 782 4029 Clichtov.lV,
803 3957 934 4026 19919).
960 3986 993 3999 -
1020 3959 1123 4015 Daniel
1141 3958 1177 4029 11,
1197 3963 1240 4015 77.
1268 3960 1319 4017 bot
1343 3960 1534 4015 9193999199
1553 3955 1647 4013 Zcilca

341 4038 402 4094 end
418 4034 455 4104 V,
473 4033 535 4090 299.
556 4031 609 4086 deo
627 4029 697 4086 Trai
716 4046 769 4087 999
787 4029 884 4085 Neale.

415 4119 641 4177 1999999799.
679 4120 702 4187 1,
722 4115 884 4172 4.19991Δ
904 4144 938 4157 -
957 4119 983 4186 2,
1003 4121 1028 4174 9.
1047 4118 1111 4174 Noa
1129 4119 1273 4175 199919Δ.
1292 4146 1326 4158 -
1344 4121 1371 4187 4,
1390 4120 1415 4172 2.
1441 4117 1479 4173 m
1496 4118 1542 4173 hic
1560 4118 1594 4173 Δ.
1614 4143 1646 4157 -

342 4197 414 4267 to.
433 4199 541 4249 attactu
558 4191 593 4245 Δ.
612 4219 647 4232 -
665 4193 692 4256 b,
711 4193 736 4245 5.
755 4187 875 4244 latenter
893 4188 928 4243 D.
947 4188 1045 4244 clausa
1062 4190 1096 4245 Δ.
1116 4219 1151 4231 -
1169 4193 1231 4258 6,1.
1250 4190 1407 4247 99119999.
1426 4187 1530 4245 Plenus
1547 4189 1645 4246 ΔΟ.-

343 4271 370 4339 7,
388 4270 414 4322 9.
434 4264 592 4333 unguatur
611 4260 644 4316 al.
663 4259 811 4317 Nominum
828 4258 883 4315 AC.
902 4289 936 4301 -
954 4262 981 4330 8,
999 4263 1025 4315 8.
1044 4260 1139 4317 rosida
1157 4262 1213 4317 Ac.
1234 4292 1266 4302 -
1286 4263 1312 4330 9,
1332 4264 1356 4316 1.
1375 4276 1539 4330 superorum
1557 4300 1565 4316 .
1582 4302 1588 4316 .
1607 4261 1645 4315 in·

344 4339 467 4395 ieroram
485 4339 519 4391 Δ.
547 4363 581 4374 -
609 4336 636 4404 9,
654 4336 679 4387 7.
698 4331 815 4400 collegio
834 4331 890 4386 AC.
910 4360 943 4371 -
963 4335 989 4401 9,
1009 4335 1051 4387 11.
1070 4346 1144 4403 proc.
1163 4333 1218 4388 AC.
1237 4340 1343 4403 peccat.
1362 4330 1392 4385 Β.
1417 4332 1545 4403 „Forsan
1563 4332 1645 4402 peti·

344 4418 443 4465 toras
461 4407 537 4463 dedit
554 4407 664 4475 poeca‘*
682 4404 779 4459 Nealo.
797 4432 832 4445 -
851 4405 876 4473 9,
897 4405 939 4458 19.
959 4403 1014 4459 sod
1031 4403 1084 4460 boe
1099 4404 1151 4459 tibi
1168 4404 1202 4459 Δ.

416 4512 438 4552 9.
457 4493 613 4550 cherk.
651 4496 664 4547 1
694 4495 719 4548 9.
753 4491 850 4561 ,Plane
874 4490 911 4546 ad
927 4490 1032 4546 lumina
1050 4491 1079 4546 in
1097 4489 1221 4547 ecclesiis
1239 4492 1407 4548 circumvehi
1426 4492 1509 4549 solita
1539 4501 1567 4545 et
1585 4505 1647 4544 eeu·

341 4567 469 4624 delatum
488 4531 707 4623 benedictionssm
726 4532 887 4619 alluditurl‘
924 4561 1021 4619 Nealc.

587 4775 658 4838 220.
703 4768 745 4836 Io
752 4768 979 4855 purificatione
992 4766 1102 4836 dcatuc
1116 4766 1250 4836 Mariae
1263 4767 1408 4853 rapinis.

346 4902 374 4963 l.
398 4893 478 4966 Aac,
492 4898 597 4957 mater
610 4890 685 4957 Iesu
700 4889 830 4970 Christi,

398 4979 489 5056 tluae
503 4976 544 5042 de
558 4974 645 5041 coelo
660 4974 844 5071 concepisti,

399 5061 472 5138 Noa
486 5059 591 5130 carnis
604 5076 807 5129 commercio:

1076 4889 1103 4952 Δ
1117 4890 1266 4953 contactu
1280 4888 1341 4953 viri
1354 4905 1438 4970 pura

1075 4971 1265 5056 Concepisti,
1280 4972 1428 5054 paritura

1074 5053 1234 5127 Gaudium
1249 5071 1323 5125 oum
1336 5054 1465 5144 gaudio.
