3975 5800
882 549 1114 619 -527--·

805 737 876 799 781.
919 731 971 799 De
989 750 1017 798 a.
1039 728 1204 799 Barbara.

354 884 382 942 l.
412 873 534 955 Gaude,
549 877 695 943 Barbara
708 878 814 954 beau,
1083 873 1204 953 Gaude,
1219 874 1295 955 quia
1307 868 1453 937 meruisti

413 961 541 1028 Summe
555 961 679 1044 pollens
693 962 727 1026 in
743 959 889 1027 doctrina
1081 960 1259 1042 Impetrare
1296 956 1360 1023 uod
1373 954 1494 1037 petisti,

408 1045 708 1127 Angelimystcrioz
1082 1042 1187 1108 Dante
1202 1042 1262 1107 Dei
1273 977 1352 1106 diro.

409 1129 523 1195 Gaude
538 1131 629 1209 uirgo
644 1128 713 1195 Deo
727 1133 831 1210 grata,
1026 1130 1056 1195 3.
1083 1126 1204 1203 Gaude,
1218 1142 1356 1207 namque
1371 1123 1496 1190 elevata

410 1213 499 1291 Quae
513 1214 694 1296 Baptistam
705 1213 830 1280 imitata
1083 1210 1128 1276 Es
1143 1211 1176 1277 in
1192 1209 1279 1277 coelo
1294 1214 1327 1275 et
1341 1208 1449 1274 delata

408 1298 453 1363 Es
467 1299 500 1363 in
515 1299 600 1364 vitae
615 1298 730 1363 stadio.
1081 1294 1188 1362 Nobili
1202 1293 1377 1376 martyrio:

353 1386 384 1447 3.
410 1381 533 1459 Gaude,
549 1381 825 1449 eumtevisitavit
1079 1377 1126 1445 Te
1138 1378 1324 1445 laudantem
1338 1374 1493 1443 familiam

411 1466 558 1533 Christus
572 1468 639 1532 vita
652 1472 685 1532 et
699 1467 824 1532 curavit
1083 1459 1531 1547 Trahepoatteadgloriam

410 1550 528 1632 Piagas
544 1557 618 1617 actu
632 1549 779 1635 proprio:
1081 1547 1189 1615 Finito
1203 1548 1308 1614 exilio.
1340 1548 1451 1612 Amen.

348 1730 382 1800 (Β
423 1657 521 1800 Tristi&
558 1659 940 1717 Minabatr.Parin.1520.
977 1688 1011 1700 -
1047 1656 1277 1715 accusasatum
1298 1647 1501 1713 consuat.
1526 1646 1651 1706 Hadid

383 1745 437 1788 1¹8ss
457 1747 507 1787 81.

902 1873 1099 1885 -υ-,ο-υ-

801 1992 871 2054 782.
913 1987 965 2055 De
984 2009 1010 2055 s.
1033 1987 1201 2055 Barbara.

374 2129 402 2190 l.
423 2123 548 2203 Martyr
563 2121 681 2188 Christi
695 2123 840 2191 Barbara
1045 2129 1074 2192 6.
1094 2125 1144 2191 Ad
1159 2116 1536 2206 praeceptumpraesidis

421 2207 534 2272 Mundi
549 2207 696 2288 linquens
711 2208 833 2276 lubrica
1093 2209 1130 2274 ln
1146 2203 1434 2274 obscurocarceria

419 2290 535 2355 Tendit
550 2291 590 2355 ad
606 2292 767 2359 coelestia.
1092 2293 1188 2359 Latet
1203 2291 1316 2357 stricta
1330 2287 1474 2354 vinculis.

371 2385 401 2443 2.
420 2379 529 2442 Annos
544 2377 702 2459 pueritiae
1045 2385 1074 2443 7.
1093 2378 1165 2443 Non
1179 2380 1320 2442 terretur
1333 2372 1478 2439 Barbara

421 2459 619 2526 Subtrahens
633 2460 804 2541 spurcitiae
1092 2461 1200 2541 Minis,
1215 2477 1273 2525 nec
1288 2476 1345 2542 per
1359 2457 1493 2522 verbera

419 2543 515 2609 Libat
530 2544 712 2627 pudicitiae.
1093 2541 1425 2611 Oeditaconstantia.

370 2632 399 2695 3.
419 2627 539 2708 Regem
555 2628 762 2695 castimoniae
1043 2635 1073 2697 3.
1092 2629 1207 2696 Nervis
1222 2631 1364 2695 sanctam
1380 2622 1510 2702 cruciat,

420 2711 663 2793 contemplatur
680 2712 775 2780 hodie
1091 2712 1232 2780 cilicinis
1248 2711 1411 2786 confricat

419 2796 456 2861 In
473 2796 587 2862 decore
602 2797 734 2878 gloriae,
1091 2793 1465 2877 castamvestespotiat.

368 2886 398 2949 4.
417 2880 522 2965 Ipsius
537 2881 591 2963 qui
607 2882 715 2948 vivere
1042 2891 1072 2953 9.
1088 2881 1182 2949 Unde
1196 2881 1257 2950 tibi
1271 2880 1394 2959 laudes,
1412 2873 1550 2956 Christe,

417 2965 526 3032 Iunxit
539 2966 703 3032 individue
1088 2969 1126 3033 In
1141 2968 1292 3033 honorem
1307 2965 1473 3047 agonistae

417 3048 715 3131 Nuptialifoedere.
1088 3049 1193 3117 Huius
1209 3047 1507 3117 canitchorusiste.

368 3139 398 3199 5.
417 3135 501 3201 Mira
516 3136 618 3200 virtus
633 3135 767 3216 virginis
1023 3143 1070 3205 10.
1089 3134 1313 3220 Supplieando‚
1332 3130 1418 3215 quod
1433 3135 1562 3196 tuorum

412 3218 495 3284 Ovut
509 3221 541 3283 in
557 3219 709 3302 suppiciis
1091 3218 1230 3286 Consors
1243 3218 1301 3283 dat
1315 3215 1506 3298 gaudiorum

418 3301 515 3369 Velut
529 3303 562 3369 in
577 3304 711 3370 deliciis.
1088 3306 1126 3370 In
1142 3308 1299 3370 conventu
1313 3314 1533 3384 supernorum.

417 3426 442 3465 a.
461 3408 555 3466 Text.
591 3412 675 3468 Mons
693 3413 746 3470 No.
765 3417 818 3471 828
838 3414 875 3484 (3,
893 3415 957 3486 317)
977 3428 1045 3470 aus:
1063 3412 1116 3468 Hc.
1135 3428 1172 3468 aa
1189 3410 1342 3467 saudan
1359 3409 1473 3465 acuto
1487 3400 1644 3474 (litandus),

344 3479 364 3535 i.
382 3484 444 3539 228.
463 3485 506 3537 15.
525 3481 625 3539 Jotra.
643 3486 695 3540 mit
713 3486 764 3540 dor
781 3485 911 3543 Meiodo'e.

416 3553 443 3609 b.
461 3555 615 3611 Bemcrk.
652 3557 804 3616 Achaiicde
822 3558 945 3615 uasere.
962 3553 1105 3628 aaronica
1122 3572 1144 3612 a.
1162 3553 1217 3613 Nr.
1236 3558 1297 3612 603.

795 3792 865 3857 733.
906 3787 960 3857 De
980 3807 1007 3855 a.
1027 3785 1192 3855 Barbara.

347 3924 374 3984 1.
401 3920 469 3985 Ave
483 3923 607 4003 martyr
621 3921 763 4003 gloriosa
1071 3925 1139 3991 Ave
1153 3921 1298 3990 Barbara
1311 3938 1434 4004 oerena,

400 4003 608 4101 Barbaraque
623 4024 789 4088 generosa,
1072 4007 1167 4075 Clara
1181 4006 1274 4090 quasi
1287 4007 1365 4073 luna
1378 4006 1484 4089 plena.

400 4086 795 4176 Paradisivernausrosa,
1071 4091 1233 4175 Singulari
1248 4090 1408 4158 cantilena

402 4171 569 4240 eastitatis
584 4175 701 4241 lilium:
1071 4178 1231 4261 Sponsum
1246 4173 1533 4258 agnumsequcris.

400 4258 468 4321 Ave
482 4257 573 4340 virgo
587 4260 720 4341 pulchra
733 4264 812 4342 tota,

400 4338 554 4437 Caritatis
569 4341 656 4409 fonte
671 4345 746 4424 lota,
1015 4354 1044 4416 3.
1070 4350 1138 4414 Ave
1152 4346 1298 4414 Barbara
1310 4346 1417 4424 beata

398 4422 810 4522 Daiaranritisetdevota.
1070 4432 1160 4510 Quae
1176 4450 1247 4498 cnm
1262 4447 1379 4514 sponso
1394 4431 1588 4513 praeparata

399 4508 632 4577 Vasvrrtutum
648 4512 797 4580 omnium.
1071 4515 1447 4599 Nuptiarumadoptata

520 4675 526 4689 ‚
564 4678 569 4691 Ι
597 4678 603 4692 1
640 4678 647 4692 ὑ
1069 4600 1240 4667 Transiisti
1256 4599 1389 4682 gaudia:

343 4679 371 4740 2.
399 4674 467 4740 Ave
483 4694 623 4743 cnmrnrs
637 4697 752 4766 ignara
1069 4684 1137 4750 Ave
1153 4683 1278 4766 fulgens
1293 4683 1470 4763 margarita

399 4758 557 4858 Sponsum
572 4764 666 4830 audis
680 4783 757 4830 voce
772 4765 872 4834 clara:
1068 4770 1105 4836 In
1121 4768 1326 4834 coronaleau
1341 4768 1413 4848 sita,
1452 4814 1455 4820 -

399 4843 747 4927 „Venrpulchravcui
762 4868 845 4932 carn,
1068 4852 1194 4920 Tanain
1210 4859 1313 4919 morte
1331 4852 1555 4934 quamiuvita

399 4927 491 5010 Veni,
508 4932 749 4999 coronaberia:“
1068 4939 1119 5006 Sis
1133 4939 1226 5008 nobis
1239 4935 1389 5023 propitia
