3975 5800
887 555 1098 620 ..34-

338 745 369 806 4.
395 737 493 804 Cuius
508 738 628 803 nodum
643 737 835 804 sacramenti
1012 743 1042 804 6.
1069 735 1225 816 Ollaria,
1240 737 1333 804 stella
1347 735 1456 816 maris,

394 823 466 888 Non
482 821 610 887 subtilis
625 821 806 903 argumenti
1066 822 1147 887 Post
1160 821 1263 887 Deum
1279 840 1352 905 spes
1367 820 1545 902 singularis

396 906 498 973 Solvit
512 906 693 987 inquisitio:
1068 904 1299 988 Naufragautis
1314 905 1448 972 saeculi:

396 991 529 1057 Modum
543 1008 635 1056 nosse
649 1008 713 1055 non
728 992 779 1054 est
793 1006 909 1070 meum,
1068 991 1160 1069 Vide,
1175 1009 1272 1074 quam
1286 1008 1345 1055 nos
1359 989 1597 1072 fraudulenter,

396 1075 468 1141 Scio
483 1078 592 1140 tamen
606 1091 702 1158 posse
716 1074 828 1153 Deum,
1068 1073 1551 1152 Quamnosvexantviolentar

397 1159 490 1238 Quod
504 1178 568 1225 non
583 1159 668 1241 cepit
681 1159 775 1226 ratio.
1068 1157 1416 1226 Totettalesaemnli.

341 1249 370 1310 5.
395 1244 497 1323 Quam
512 1242 633 1309 subtile
647 1242 708 1308 Dei
723 1239 904 1307 consiliunt
1015 1249 1044 1308 7.
1070 1242 1286 1309 Pertenobis
1300 1243 1402 1308 virtus
1416 1240 1523 1319 detur,

396 1328 500 1407 Quam
515 1328 652 1394 sublime
665 1328 712 1394 rei
725 1323 928 1409 mysterium!
1070 1327 1318 1408 Perte,mater,
1335 1326 1525 1393 exturbetur

398 1413 500 1494 Virga
514 1411 634 1491 florem,
652 1412 754 1478 vellus
769 1427 885 1490 rorem,
1070 1411 1243 1478 Daemonis
1257 1411 1425 1492 superbia:

398 1497 499 1577 Virgo
513 1494 636 1580 profert
652 1495 770 1562 filium:
1070 1495 1159 1562 Tuae
1172 1495 1256 1578 proli
1269 1514 1328 1562 nos
1344 1491 1542 1573 commenda,

397 1580 464 1646 Nec
477 1581 632 1662 pudorem
647 1580 744 1647 laesit
757 1579 932 1663 conceptio,
1071 1580 1120 1646 Nc
1134 1597 1192 1645 nos
1205 1579 1295 1645 brevi
1310 1578 1367 1645 sed
1381 1577 1553 1645 tremenda

399 1663 465 1730 Nee
480 1665 617 1730 nitorem
630 1664 719 1731 floris
735 1663 872 1745 emissio,
1072 1663 1183 1730 Feriat
1197 1663 1366 1731 sententit.
1395 1663 1508 1728 Amen.

399 1747 589 1830 Concipiens
604 1753 636 1815 et
650 1749 780 1831 ponens

401 1831 613 1916 comparatur
627 1834 704 1899 lilio.

413 1940 553 1999 affert.
589 1936 931 2010 Miss.tratr.1520(A).
967 1937 1057 1996 Neale
1075 1955 1103 2009 p.
1123 1941 1166 1998 13.
1192 1939 1304 1998 elliss.
1322 1937 1504 1996 Noviomansi
1527 1953 1567 1995 ex
1584 1940 1615 1995 Pa

342 2028 426 2069 nasso
444 2013 573 2070 Mariano
593 2013 646 2084 (Β).

413 2100 440 2156 b.
460 2100 644 2159 Losorion.
681 2100 837 2157 Gentilibus
855 2099 887 2154 Β.
905 2127 941 2140 -
959 2100 985 2170 4,
1007 2101 1020 2153 1
1040 2097 1162 2154 nondum
1180 2098 1215 2155 A.
1232 2127 1268 2140 -
1286 2101 1313 2167 ⁷,
1334 2103 1348 2155 l
1367 2099 1426 2155 vita
1443 2097 1469 2154 d.
1489 2097 1524 2154 Β.

414 2205 437 2244 c.
454 2188 606 2246 Bemcrlc.
642 2193 669 2246 4.
687 2191 884 2261 „Epigramma
901 2188 1126 2244 Hildebertinum
1144 2188 1174 2242 in
1190 2192 1283 2244 mente
1301 2187 1399 2246 babuit
1415 2193 1514 2258 poeta:

542 2277 630 2347 Virgo
649 2277 739 2332 Deum
756 2277 861 2346 genuit,
879 2274 974 2332 forsan
994 2276 1057 2344 quis
1076 2272 1213 2344 quomodo
1232 2274 1362 2344 quaerit?

541 2348 606 2405 Non
625 2353 669 2403 cst
686 2364 770 2405 nosse
788 2362 887 2416 meum,
906 2345 1032 2404 aedecio
1050 2361 1135 2417 posse
1152 2347 1269 2404 Deum.“
1304 2345 1341 2402 N.

896 2516 1098 2527 ——-——n-=-

755 2637 803 2698 19.
846 2631 889 2699 Io
909 2631 1075 2701 nativitate
1095 2629 1239 2697 Dorntni.

349 2773 376 2832 1.
402 2766 549 2849 Laetare,
565 2785 731 2853 puerpera,
1019 2775 1050 2836 4.
1075 2767 1102 2833 0
1116 2768 1223 2847 bomo,
1238 2765 1415 2846 considera,

402 2851 503 2919 Laeto
517 2853 704 2936 puerperio;
1074 2851 1436 2931 Revocansmemoriae,

403 2937 501 3003 Cuius
515 2956 596 3019 pura
609 2938 732 3003 viscera
1075 2937 1203 3016 Quanta
1218 2941 1293 3002 sunt
1307 2936 1387 3002 haec
1403 2952 1504 3018 opera

402 3021 736 3087 Foecuudanturfilio.
1075 3022 1211 3087 Divinae
1225 3021 1424 3087 clementiae.

402 3104 618 3171 Lactefluuut
635 3106 734 3173 ubera
1075 3104 1147 3172 Nou
1162 3106 1313 3188 desperes
1327 3106 1464 3184 veniam,

404 3189 484 3255 (lum
497 3190 629 3272 pudoris
646 3191 723 3270 lilio,
1075 3188 1110 3255 Si
1124 3189 1262 3256 multum
1277 3188 1460 3270 deliqueris,

403 3274 548 3341 Membra
562 3274 673 3342 fovens
687 3279 809 3356 tenera,
1075 3271 1142 3340 Ubi
1156 3277 1205 3338 tot
1218 3272 1358 3355 insignia

403 3358 512 3441 Virgo,
528 3358 611 3425 lacte
625 3360 764 3444 proprio.
1074 3356 1227 3423 Caritatis
1240 3357 1369 3423 videris.

349 3440 378 3501 2.
403 3442 509 3508 Patris
524 3444 717 3524 unigenitus,
1020 3442 1050 3503 5.
1075 3443 1142 3508 Sub
1157 3441 1271 3508 matris
1285 3440 1409 3522 refugio

403 3524 465 3590 Per
478 3542 573 3607 quem
587 3524 663 3592 fecit
677 3528 791 3609 omnia,
1076 3526 1175 3607 Fuge,
1190 3543 1286 3591 causa
1298 3525 1425 3605 veniae;

404 3607 466 3673 Hic
479 3608 568 3689 degit
580 3608 764 3676 humanitus
1075 3610 1158 3676 Nam
1172 3615 1263 3676 tenet
1275 3609 1309 3675 iu
1326 3609 1447 3691 gremio

406 3690 472 3756 Sub
489 3696 592 3756 matre
605 3693 809 3774 paupercula
1076 3692 1210 3759 Fontem
1228 3693 1456 3775 indulgentiae.

406 3772 458 3840 Ibi
473 3777 600 3841 sanctos
614 3775 745 3856 angelos
1076 3777 1303 3844 Haucsalutes
1320 3777 1447 3860 saepius

405 3855 521 3923 Reficit
533 3856 665 3937 laetitia,
1077 3860 1157 3926 Cum
1172 3862 1240 3944 spei
1254 3859 1380 3941 fiducia,

405 3941 468 4007 Hic
482 3940 599 4006 sititet
613 3942 715 4008 esurit
1077 3945 1195 4011 Dicens
1209 3945 1298 4010 flexis
1313 3944 1458 4028 genibus,

407 4023 743 4107 Degensiuinlantia.
1075 4026 1386 4110 Aveplenagratiat

352 4120 381 4180 3.
407 4108 458 4174 Ibi
471 4109 556 4190 regit
570 4107 685 4188 omnia,
1023 4106 1051 4166 6·
1078 4109 1245 4186 Quondam
1258 4111 1362 4180 flentis
1375 4113 1538 4194 lacrymas

407 4193 469 4258 Hic
484 4194 620 4257 amatre
638 4191 777 4273 regitur3
1037 4234 1039 4236 ·
1078 4192 1214 4259 Sederat
1228 4195 1395 4276 uberibus3

407 4275 686 4355 ibidetimperia,
1077 4278 1169 4343 Nunc
1182 4278 1298 4344 iratum
1312 4282 1441 4361 mitiget

407 4360 470 4427 Hic
483 4359 618 4424 ancillae
634 4356 799 4437 subditur3
1078 4358 1140 4423 Pro
1154 4363 1272 4427 nostris
1287 4364 1478 4430 excessibus.

406 4444 456 4511 Ibi
471 4442 586 4509 summi
600 4441 746 4507 culminis
1077 4443 1162 4524 Iesu,
1178 4443 1285 4526 lapsos
1299 4449 1423 4529 respice

407 4527 542 4593 Residet
555 4527 589 4591 in
603 4525 694 4603 solio,
1079 4525 1154 4591 Piae
1167 4531 1278 4595 matris
1293 4532 1449 4613 precibus,

407 4613 469 4678 Hic
483 4612 602 4692 ligatus
621 4608 730 4675 fasciis
1081 4608 1374 4681 Emendatoseffice

409 4692 747 4778 Vagitinpraesepio.
1079 4692 1200 4774 Dignos
1214 4698 1293 4763 coeli
1307 4700 1438 4766 civibus.
1467 4699 1585 4769 Amen.

423 4822 448 4861 a.
468 4804 563 4860 Τρωὶ.
600 4802 689 4859 Neale
727 4842 733 4856 .
755 4803 795 4856 10.
814 4813 849 4853 ex
867 4798 944 4855 Miss.
962 4798 1141 4855 Noviomonsi
1167 4816 1201 4857 ex
1227 4805 1366 4863 Parnasso
1390 4809 1521 4867 Mariano
1542 4814 1601 4884 (At

352 4879 386 4935 A.
405 4877 536 4933 Nicolas:
555 4875 606 4930 Die
624 4875 680 4930 Jun
728 4886 764 4927 au
782 4870 881 4926 Maris.
915 4869 964 4924 Ibr
981 4869 1078 4926 Leben
1095 4872 1124 4925 in
1142 4872 1191 4927 der
1208 4875 1318 4933 Kirobo.
1340 4879 1420 4935 Nacb
1431 4881 1615 4942 der2.frann

352 4949 491 5021 Ausgabe.
528 4947 592 5005 Von
609 4945 644 5003 K.
662 4946 694 5002 Β.
712 4942 856 5012 Reiohing.
874 4939 924 4996 nL
944 4945 967 4996 1.
985 4939 1169 5012 Regensburg
1188 4948 1264 5005 1860.
1283 4949 1309 5004 S.
1327 4953 1388 5007 280.
1406 4953 1461 5024 (B).
