3975 5800
845 574 1079 638 -sl't-

313 762 340 823 5.
366 755 394 823 0
409 774 505 838 quam
520 754 595 822 felix
610 755 731 835 civitas,
987 767 1015 826 7.
1042 757 1113 824 Illio
1127 754 1240 839 regina
1253 756 1412 822 coelorum

368 840 470 918 Quum
485 842 621 907 iocunda
636 841 734 918 curia,
1043 845 1144 924 Super
1155 841 1269 906 choros
1285 838 1470 919 signorum

370 925 407 990 In
423 944 487 1006 qua
502 927 608 1007 sponsi
626 925 754 990 claritas
1042 927 1180 1007 llrlgens
1197 926 1228 989 in
1245 924 1383 990 rosario:

369 1009 471 1074 [latur
487 1011 588 1073 onmis
606 1010 720 1088 gratia.
1042 1011 1127 1075 ltosa
1143 1012 1261 1075 rulmns
1277 1016 1310 1074 et
1325 1006 1383 1072 llos
1399 1004 1522 1081 tiorum,

1044 1093 1123 1159 Cum
1140 1095 1280 1159 exercitu
1295 1098 1475 1157 sanctorum

313 1185 340 1241 a.
368 1176 488 1254 Sancti,
506 1196 639 1257 quorum
654 1177 748 1241 hodio
1043 1179 1108 1242 Nos
1125 1177 1322 1242 commendet
1337 1175 1413 1250 tilio,

368 1263 516 1341 Aguntur
532 1262 729 1340 sollempnia,
987 1269 1016 1327 8.
1046 1260 1135 1327 Utin
1152 1261 1213 1326 line
1229 1262 1296 1326 sine
1309 1259 1369 1323 line

366 1344 461 1409 Clara
477 1364 582 1426 rogem
600 1344 679 1409 facie
1043 1347 1105 1410 liet
1120 1364 1176 1410 nus
1191 1345 1253 1410 frui
1270 1362 1340 1408 cnm
1355 1342 1458 1406 beatis

365 1429 433 1493 Iam
450 1429 558 1493 vident
574 1431 604 1493 in
621 1431 732 1507 altaria.
1042 1430 1124 1494 Suae
1141 1428 1229 1494 vultu
1247 1425 1431 1492 maiestatis.
1459 1427 1568 1488 nnreu.

381 1554 405 1590 a.
426 1537 519 1591 r‘eat.
557 1540 640 1592 lllone
660 1539 710 1593 No.
732 1542 784 1593 usu
801 1539 839 1605 (3,
859 1540 903 1605 22)
923 1558 988 1593 orm:
1017 1540 1069 1593 Hs.
1089 1556 1124 1592 zu
1145 1538 1293 1592 Konstuur
1314 1534 1463 1590 ilduara.
1483 1534 1537 1601 (A).
1557 1529 1610 1584 Hs.

314 1625 345 1661 :u
367 1608 546 1662 Liolateutltul
566 1628 617 1663 atas
635 1611 756 1678 pleiclaer
775 1610 837 1664 Zeu
856 1611 908 1677 tB).
932 1641 960 1649 —
981 1612 1080 1665 Daniel
1100 1611 1133 1678 V,
1157 1614 1214 1664 ros.
1234 1611 1284 1662 lant
1303 1610 1353 1662 cleia
1366 1607 1435 1660 Turt
1455 1605 1610 1658 ‹tresillono

314 1709 342 1719 -
363 1680 442 1733 Stelrt
462 1682 534 1734 ancli
553 1683 592 1733 im
612 1681 676 1736 Cod.
698 1682 724 1736 S.
744 1682 815 1736 Gall.
834 1685 887 1736 546
906 1682 1061 1751 (Brunder).

386 1769 410 1820 u.
431 1766 612 1823 Lesarten.
650 1775 675 1836 2,
697 1774 718 1823 l.
740 1771 890 1825 rerliuatur
909 1770 939 1824 B.
968 1800 1002 1810 -—
1030 1775 1056 1827 2.
1075 1775 1100 1824 2.
1120 1770 1253 1825 adoratur
1275 1770 1303 1822 ll.
1337 1797 1368 1806 -
1400 1770 1425 1830 2,
1444 1767 1469 1817 3.
1484 1761 1557 1829 ,telrlt
1577 1761 1609 1825 B,

316 1838 398 1905 tafur
417 1841 488 1893 stelit
508 1844 532 1907 2,
552 1843 577 1894 o.
598 1873 631 1881 -
650 1848 676 1907 2,
695 1848 720 1896 I.
740 1846 764 1895 ὖ,
778 1842 875 1909 sellem
894 1843 924 1895 B.
944 1872 977 1881 -
998 1847 1023 1910 3,
1046 1847 1067 1896 l.
1087 1845 1114 1897 S.
1133 1851 1211 1910 perte
1230 1840 1287 1895 AB.
1308 1869 1339 1878 -
1361 1843 1385 1906 3,
1405 1842 1429 1890 2.
1449 1842 1564 1888 mortem
1576 1833 1608 1885 A·

314 1938 342 1947 -
364 1914 388 1978 3,
409 1914 434 1964 li.
454 1912 546 1964 brosor
565 1915 662 1982 surgit.
682 1915 719 1966 nr.
740 1944 770 1953 -
793 1917 819 1979 7,
842 1919 863 1967 l.
882 1913 934 1967 Hic
952 1915 985 1968 Α.
1007 1944 1039 1953 -
1059 1916 1084 1980 8,
1104 1917 1128 1967 2.
1149 1913 1226 1967 nobis
1246 1913 1276 1965 13.

380 2015 403 2053 c.
424 2000 576 2054 Berraerlc.
615 2001 658 2056 Za
676 2006 754 2056 tl-l.
776 2003 826 2072 rpl.
846 2002 915 2055 obou
934 2002 985 2057 No.
1005 2006 1066 2068 338,
1088 2005 1200 2055 Il-lzl.

569 2289 640 2346 447.
685 2282 727 2347 Io
748 2285 904 2348 emeritum·
920 2284 1136 2364 plurlmormu
1159 2285 1344 2363 rrrurtprmu.

315 2416 339 2475 l.
367 2412 480 2479 Gaude
496 2420 601 2481 turma
616 2418 829 2498 triumphalis,
1041 2418 1173 2481 Porrus
1188 2416 1322 2479 fractum
1339 2413 1545 2487 alabastrum,

367 2496 485 2563 Turma
500 2518 626 2582 pugnae
642 2503 795 2583 spiritaIIs
1041 2502 1102 2566 Per
1117 2520 1172 2565 ros
1188 2517 1314 2563 cursum
1327 2502 1416 2560 tenet
1429 2494 1608 2575 planstrum

367 2581 495 2647 Pollens
510 2584 693 2665 privilegio:
1040 2585 1149 2650 Sancti
1165 2582 1320 2662 evangelii

368 2664 487 2731 Turma
502 2669 588 2732 laeta
603 2671 697 2733 curule
715 2676 823 2750 spreta
984 2674 1012 2731 4.
1041 2672 1156 2734 Vester
1173 2666 1313 2747 sanguis,
1338 2670 1476 2728 rostrum
1493 2661 1607 2741 lumen,

368 2750 472 2815 llosas
488 2752 637 2831 plantans
654 2760 686 2817 et
701 2758 807 2818 roseta
1039 2754 1271 2818 lluleimentum
1289 2756 1320 2813 et
1335 2749 1475 2813 lritumeu

370 2832 417 2897 De
434 2836 536 2901 crucis
552 2839 714 2919 urartprio.
1041 2838 1153 2903 'sotius
1170 2834 1335 2901 eeclesias:

315 2917 338 2979 l.
366 2915 431 2983 Vos
447 2920 487 2984 (le
503 2921 586 2986 valle
601 2922 740 3001 visionis,
1040 2924 1125 3005 Syon
1142 2919 1256 2985 fundat
1271 2925 1304 2984 et
1318 2918 1445 2997 figurat,

366 3001 433 3068 Vos
449 3010 613 3071 consortes
627 3006 796 3089 passionis,
1040 3007 1149 3084 Ornat,
1173 3004 1253 3086 polit
1268 3008 1301 3067 et
1316 3002 1455 3084 picturat

365 3085 409 3151 Et
423 3087 542 3154 Christi
558 3090 724 3169 victoriae,
1040 3090 1183 3154 Fornmm
1200 3107 1300 3152 irrisae
1316 3086 1449 3166 gratiae.

368 3171 433 3235 Vos
448 3170 488 3236 de
504 3173 618 3238 throno
634 3174 822 3252 Salomonis
983 3172 1012 3231 5.
1039 3174 1117 3238 Cum
1133 3191 1188 3237 vos
1204 3169 1386 3236 reformatis
1400 3167 1519 3232 bullam

365 3256 431 3319 Vos
448 3254 487 3320 de
502 3257 584 3322 hello
601 3257 761 3323 Gedeonis
1038 3256 1199 3322 Passionis
1215 3260 1247 3320 et
1261 3252 1433 3318 medullam

365 3337 459 3403 Serta
474 3338 566 3405 fertis
580 3341 710 3422 gloriae.
1040 3342 1179 3406 lmietae
1195 3337 1393 3403 constantiae
1408 3357 1414 3398 :

316 3421 337 3481 l.
364 3422 432 3486 Vos
445 3424 609 3489 uolunmae
626 3425 809 3502 deauratae,
1040 3426 1066 3489 N
1070 3445 1105 3488 os
1120 3424 1252 3489 firmetis
1268 3422 1307 3485 ml
1325 3438 1468 3496 ausurum,

362 3508 473 3584 Brasos,
490 3510 590 3590 pelles
605 3516 810 3592 purpuratae,
1040 3509 1081 3574 Et
1096 3509 1266 3573 instantem
1285 3504 1465 3586 passionom

365 3589 488 3656 Galsad
503 3594 661 3674 martyrii:
956 3615 959 3661 ι
1039 3592 1222 3658 Praesentis
1237 3590 1379 3655 militiae.
1413 3588 1522 3650 Amen.

377 3715 403 3754 a.
422 3699 517 3754 Text.
554 3702 642 3756 Neale
662 3720 687 3770 p.
708 3705 768 3756 226.
788 3719 803 3753 o.
822 3703 899 3758 llliss.
919 3703 1090 3757 Torrraoensi
1113 3706 1189 3756 1540.
1228 3731 1260 3740 -
1297 3697 1397 3752 Daniel
1416 3696 1450 3762 ll,
1470 3699 1529 3751 339.
1557 3693 1606 3747 leot

316 3771 358 3825 lea
377 3769 448 3825 Text
466 3789 519 3826 uus
537 3774 632 3829 Neale.

376 3857 402 3910 b.
428 3856 602 3912 laesurteu.
623 3861 648 3926 3,
668 3866 692 3913 2.
712 3860 808 3914 Liber:
828 3860 1034 3916 deauratae.
1055 3860 1134 3926 Quod
1153 3858 1225 3922 dedi,
1244 3865 1469 3926 purpuratae,
1488 3855 1523 3908 ad
1544 3870 1606 3922 pur·

316 3935 406 3982 iurata
421 3930 541 3983 tentoria
559 3931 731 3985 tabernaculi
759 3940 876 4000 spectat.
904 3932 991 3985 Exod.
1012 3931 1126 3996 XXVII,
1147 3935 1188 3984 ro.
1208 3930 1241 3984 N.
1262 3948 1287 3998 p.
1307 3933 1370 3983 atu:
1397 3927 1514 3994 „illelius
1534 3927 1605 3979 soret

324 4000 519 4068 ultrioatae,
539 4002 613 4068 quod
632 4003 801 4071 ipsissimum
820 4011 862 4056 est
881 4004 962 4071 Vulg.
983 4002 1033 4057 Eo.
1053 4002 1191 4057 verbum.“

377 4105 400 4142 o.
419 4086 572 4143 Beurorl:
610 4094 634 4158 2,
657 4095 678 4144 l.
699 4091 742 4145 Ad
762 4092 825 4145 lsai.
845 4090 932 4158 XXII,
954 4096 976 4145 l.
997 4091 1097 4146 alluelit
1116 4097 1206 4158 poeto.
1229 4120 1260 4129 -
1289 4092 1314 4144 3.
1334 4091 1359 4141 3.
1379 4087 1513 4141 Galaael
1534 4086 1621 4161 raris·

316 4168 528 4228 nterpretantnr
546 4169 604 4215 tum
623 4163 730 4230 Patres
750 4172 808 4217 tuni
828 4163 910 4217 medii
930 4164 991 4217 aevi
1011 4163 1170 4231 scriptores.
1209 4161 1266 4228 ligo
1286 4167 1395 4229 postam
1416 4159 1454 4211 ita
1472 4157 1606 4225 intelligo,

316 4239 335 4284 rt
355 4230 389 4284 de
408 4241 619 4287 coacervato
639 4234 845 4288 testimonio
866 4241 1008 4289 tantorum
1027 4241 1177 4302 martyrum
1198 4233 1307 4286 loeutus
1327 4231 1419 4284 suerit.
1438 4230 1467 4285 Ν.
1482 4260 1515 4268 -
1535 4233 1560 4294 3,
1580 4233 1605 4282 3.

316 4301 453 4357 llalrastro
472 4304 564 4358 earnis
584 4319 634 4372 per
653 4306 815 4374 martyrium
835 4304 923 4360 fracto
943 4305 1041 4359 effudit
1061 4321 1089 4358 so
1109 4304 1243 4372 evangelii
1264 4303 1396 4356 suavium.
1416 4301 1450 4354 N.
1478 4331 1510 4340 -
1536 4303 1560 4364 5,
1583 4301 1605 4351 1.

317 4389 395 4428 sonis
414 4373 596 4429 eliliioillimus.
633 4377 662 4428 si
681 4376 746 4444 quid
766 4376 853 4445 video,
873 4378 1012 4431 sententia
1031 4385 1130 4445 postus
1150 4376 1188 4428 ita
1208 4374 1346 4428 sehabet.
1368 4373 1605 4438 alabastrum,

317 4445 361 4498 ive
380 4461 480 4514 eorpus
500 4457 658 4501 sanctorum
678 4455 837 4516 martyrum,
856 4465 874 4502 a
893 4457 982 4503 morte
1002 4449 1150 4502 tractum
1170 4455 1219 4501 est.
1239 4446 1300 4500 Non
1321 4453 1411 4498 tomen
1429 4443 1604 4506 italructum,

317 4524 334 4570 rt
353 4518 521 4586 rooumponi,
541 4518 742 4585 reformari,
762 4527 883 4586 nequeat
901 4521 1010 4587 bulla,
1031 4520 1087 4573 sire
1108 4518 1277 4585 signaculum
1299 4518 1366 4570 eius.
1393 4515 1503 4568 lutei-ua
1522 4516 1604 4568 iusto-

318 4603 364 4642 um
383 4589 501 4656 aniame,
522 4589 592 4642 lianc
611 4589 836 4645 reformationem
855 4592 1070 4660 praestolantes,
1090 4607 1150 4644 eum
1162 4591 1220 4642 Deo
1241 4596 1319 4643 suut:
1340 4587 1456 4654 ideoque.
1476 4587 1604 4639 invocan-

317 4676 356 4712 ur.
394 4660 484 4714 Aliter
504 4661 624 4729 explieat
643 4662 849 4716 'Irene-hius.
889 4664 965 4717 lluas
986 4672 1080 4731 partes
1101 4661 1252 4714 ‹luminirae
1273 4658 1410 4726 passionis
1429 4655 1527 4712 luisse:
1548 4673 1605 4712 nie-

317 4730 444 4798 ,nllanr,
464 4732 522 4785 sire
543 4733 702 4787 interiorem
723 4735 777 4801 qua
795 4734 867 4788 vicit.
888 4733 1029 4799 bullam,
1057 4732 1115 4786 sire
1134 4730 1307 4796 exteriorum,
1336 4733 1390 4796 :pute
1409 4737 1523 4782 mortum
1543 4743 1605 4797 pas·

317 4818 351 4855 us
370 4811 421 4856 est.
459 4801 539 4856 Hane
560 4803 717 4872 passionem
737 4820 774 4858 ss.
794 4813 931 4872 martyros
950 4806 1063 4866 inuitari,
1083 4804 1124 4856 rol
1145 4802 1350 4856 reformare.
1389 4801 1518 4867 errrmris
1538 4815 1605 4868 ergo

317 4873 378 4926 nesi
398 4873 509 4941 luerint,
529 4875 624 4927 ria-unt
644 4883 672 4930 et
690 4884 817 4943 regnant.
856 4876 934 4944 Qum
962 4885 991 4932 ot
1016 4875 1083 4929 mllri
1111 4875 1211 4943 placet,
1241 4873 1357 4939 illosque
1383 4881 1478 4927 nostra
1503 4871 1606 4925 lnrliota

318 4952 394 4998 nuto.
431 4944 519 4999 Neole
538 4961 564 5014 p.
585 4947 646 4999 279.
665 4977 699 4987 -
719 4947 775 5016 „At
793 4963 849 5002 uon
868 4947 956 5016 rideo,
976 4964 1030 5017 quo
1049 4946 1130 5000 modo
1149 4945 1247 5000 bulla
1267 4945 1356 5014 possit
1376 4941 1532 5013 significare
1560 4957 1605 4996 ox-
